@STRING(CPL="Chem. Phys. Lett.")
@STRING(JACS="J. Am. Chem. Soc.")
@STRING(JCC="J. Comp. Chem.")
@STRING(JCP="J. Chem. Phys.")
@STRING(JPCA="J. Phys. Chem. A")
@STRING(PNAS="Proc. Nat. Acad. Sci.")
@STRING(PR="Phys. Rev.")
@STRING(PRA="Phys. Rev. A")
@STRING(PRB="Phys. Rev. B")
@STRING(PRL="Phys. Rev. Lett.")
@STRING(SCI="Sci.")

@BOOK{Abeles92,
  title = {Biochemistry},
  publisher = {Jones and Bartlett},
  year = {1992},
  author = {R. H. Abeles and P. A. Frey and W. P. Jencks},
  address = {Boston},
}

@ARTICLE{Adamson58,
  author = {A. W. Adamson and A. H. Sporer},
  title = {Photochemistry of Complex Ions. Some Photochemical Reactions of Various
	Co({III}) and Cr({III}) Comlex Ions},
  journal = JACS,
  year = {1958},
  volume = {80},
  pages = {3865-3870},
}

@ARTICLE{Admiraal95,
  author = {S. J. Admiraal and D. Herschlag},
  title = {Mapping the Transition State for {ATP} Hydrolysis: Implications for
	Enzymatic Catalysis},
  journal = {Chemical Biology},
  year = {1995},
  volume = {1995},
  pages = {729},
}

@MANUAL{Turbomole,
  title = {Turbomole},
  author = {R. Ahlrichs and M. B{\"a}r and M. Ehrig and M. H{\"a}ser and H. Horn
	and C. K{\"o}lmel},
  address = {San Diego, CA},
  publisher = {Biosym Technologies},
}

@UNPUBLISHED{Aivazis02,
  author = {Michael A. Aivazis},
  title = {Fuego},
  year = {2002},
}

@ARTICLE{Rao93,
  author = {C. M. Rao et al},
  title = {Specificity in the Binding of Inhibitors to the Active Site of Human/Primate
	Aspartic Proteinases: Analysis of P2-P1-P1Õ- P2Õ Variation},
  journal = {Journal of Medical Chemistry},
  year = {1993},
  volume = {36},
  pages = {2614},
}

@ARTICLE{Appelt91,
  author = {K. Appelt et al.},
  title = {Design of Enzyme Inhibitors Using Iterative Protein Crystallographic
	Analysis},
  journal = {Journal of Medical Chemistry},
  year = {1991},
  volume = {34},
  pages = {1925},
}

@ARTICLE{Alden95,
  author = {R. G. Alden and W. W. Parson and Zen T. Chu and Arieh Warshel},
  title = {Calculations of Electrostatic Energies in Photosynthetic Reaction
	Centers},
  journal = JACS,
  year = {1995},
  volume = {117},
  pages = {12284},
}

@ARTICLE{Alkorta93,
  author = {I. Alkorta and Hugo O. Villar and J. J. Perez},
  title = {Comparison of methods to estimate the free energy of solvation: importance
	in the modulation of the affinity of 3-benzazepines for the D1 receptor},
  journal = JCC,
  year = {1993},
  volume = {14},
  pages = {620},
}

@ARTICLE{Allen93,
  author = {F. H. Allen and O. Kennard},
  title = {3D Search and Research Using the Cambridge Structural Database},
  journal = {Chemical Design Automation News},
  year = {1993},
  volume = {8},
  pages = {31},
}

@ARTICLE{Allen81,
  author = {L. C. Allen},
  title = {The Catalytic Function of Active Site Amino Acid Side Chains in Well-Characterized
	Enzymes},
  journal = {Annals of the New York Academy of Science},
  year = {1981},
  volume = {367},
  pages = {383},
}

@ARTICLE{Allinger76,
  author = {Norman Allinger},
  title = {MM2},
  journal = {Advances in Physical Organic Chemistry},
  year = {1976},
  volume = {13},
  pages = {1},
}

@ARTICLE{Allinger90,
  author = {Norman L. Allinger and Mita Rahman and Jenn-Huei Lii},
  title = {A Molecular Mechanics Force Field (MM3) for Alcohols and Ethers},
  journal = JACS,
  year = {1990},
  volume = {112},
  pages = {8293},
}

@ARTICLE{Allinger89,
  author = {Norman L. Allinger and Young H. Yuh and Jenn-Huei Lii},
  title = {Molecular Mechanics. The MM3 Force Field for Hydrocarbons. 1.},
  journal = JACS,
  year = {1989},
  volume = {111},
  pages = {8551},
}

@ARTICLE{Almlof82,
  author = {J. Alml{\"o}f and Faegri,~Jr., K. and K. Korsell},
  title = {Principles for a Direct SCF Approach to LCAO-MO {\em Ab-Initio} Calculations},
  journal = JCC,
  year = {1982},
  volume = {3},
  pages = {385},
}

@BOOK{laug,
  title = {{LAPACK} Users' Guide},
  publisher = {Society for Industrial and Applied Mathematics},
  year = {1999},
  author = {Anderson, E. and Bai, Z. and Bischof, C. and Blackford, S. and Demmel,
	J. and Dongarra, J. and Du Croz, J. and Greenbaum, A. and Hammarling,
	S. and McKenney, A. and Sorensen, D.},
  address = {Philadelphia, PA},
  edition = {Third},
  isbn = {0-89871-447-8 (paperback)},
}

@INCOLLECTION{Andzelm91,
  author = {J. Andzelm},
  title = {DGauss: Density Functional-Gaussian Approach. Implementation and
	Applications},
  booktitle = {Density Functional Methods in Chemistry},
  publisher = {Springer-Verlag},
  year = {1991},
  editor = {Jan K. Labanowski and Jan W. Andzelm},
  pages = {155},
  address = {New York},
}

@INCOLLECTION{Andzelm91,
  author = {J. Andzelm},
  title = {DGauss: Density Functional-Gaussian Approach. Implementation and
	Applications},
  booktitle = {Density Functional Methods in Chemistry},
  publisher = {Springer-Verlag},
  year = {1991},
  editor = {Jan K. Labanowski and Jan W. Andzelm},
  pages = {155},
  address = {New York},
}

@ARTICLE{Andzelm95,
  author = {J. Andzelm and C. Kolmel and A. Klamt},
  title = {Incorporation of solvent effects into density functional calculations
	of molecular energies and geometries},
  journal = JCP,
  year = {1995},
  volume = {103},
  pages = {9312},
}

@ARTICLE{Andzelm92,
  author = {J. Andzelm and E. Wimmer},
  journal = JCP,
  year = {1992},
  volume = {96},
  pages = {1280},
}

@BOOK{Atkins83,
  title = {Molecular Quantum Mechanics},
  publisher = {Oxford University Press},
  year = {1983},
  author = {Peter W. Atkins},
  address = {Oxford, England},
}

@ARTICLE{Augspurger90,
  author = {Joseph P. Augspurger and Clifford E. Dykstra},
  title = {General Quantum Mechanical Operators. An Open-Ended Approach for
	One-Electron Integrals with Gaussian Bases},
  journal = JCC,
  year = {1990},
  volume = {11},
  pages = {105 -- 111},
}

@ARTICLE{Bachelet82,
  author = {G. B. Bachelet and D. R. Hamann and M. Schl\"{u}tter},
  title = {Pseudopotentials that work: From H to Pu},
  journal = PRB,
  year = {1982},
  volume = {26},
  pages = {4199},
}

@ARTICLE{Bader96,
  author = {Joel S. Bader and B. J. Berne},
  title = {Solvation Energies and Electronic Spectra in Polar, Polarizable Media:
	Simulation Tests of Dielectric Continuum Theory},
  journal = JCP,
  year = {1996},
  volume = {104},
  pages = {1293},
}

@ARTICLE{Bair78,
  author = {R. A. Bair and Goddard, III, W. A.},
  journal = JACS,
  year = {1978},
  volume = {100},
  pages = {5669},
}

@MANUAL{Bair77,
  title = {GVB2P5 Program},
  author = {Ray A. Bair and Frank W. Bobrowicz and W. J. Hunt and P. J. Hay and
	Goddard, III, William A.},
  address = {California Institute of Technology},
  year = {1977},
}

@ARTICLE{Bajorath91,
  author = {J. Bajorath and J. Kraut and Z. Q. Li and D. H. Kitson and A. T.
	Hagler},
  title = {Theoretical Studies on the Dihydrofolate Reductase Mechanism: Electronic
	Polarization of Bound Substrates},
  journal = PNAS,
  year = {1991},
  volume = {88},
  pages = {6423},
}

@ARTICLE{Baker93,
  author = {Jon Baker},
  title = {Techniques for Geometry Optimization: A Comparison of Cartesian and
	Natural Internal Coordinates},
  journal = JCC,
  year = {1993},
  volume = {14},
  pages = {1085},
}

@ARTICLE{banerjee85,
  author = {Ajit Banerjee and Noah Adams and Jack Simons and Ron Shepard},
  title = {Search for Stationary Points on Surfaces},
  journal = {Journal of Physical Chemistry},
  year = {1985},
  volume = {89},
  pages = {52},
}

@ARTICLE{Barbacid87,
  author = {M. Barbacid},
  title = {Ras Genes},
  journal = {Annual Review of Biochemistry},
  year = {1987},
  volume = {56},
  pages = {779},
}

@ARTICLE{Bartlett05,
  author = {Rodney J. Bartlett and Victor F. Lotrich and Igor V. Schweigert},
  title = {Ab initio density functional theory: The best of both worlds?},
  journal = JCP,
  year = {2005},
  volume = {123},
  pages = {62205},
}

@ARTICLE{Bartoli91,
  author = {J. F. Bartoli and O. Brigaud and P. Battioni and D. Mansuy},
  title = {Hydroxylation of Linear Alkanes Catalyzed by Iron Porphyrins---Particular
	Efficacy and Regioselectivity of Perhalogenated Porphyrins},
  journal = {Journal of the Chemical Society: Chemical Communications},
  year = {1991},
  volume = {1991},
  pages = {440},
}

@ARTICLE{Barton79,
  author = {J. J. Barton and Goddard, III, W. A. and T. C. McGill},
  journal = {J. Vac. Sci. Techol.},
  year = {1979},
  volume = {16},
  pages = {1178},
}

@ARTICLE{Barton82,
  author = {J. J. Barton and C. A. Swarts and Goddard, III,W. A.},
  journal = PRB,
  year = {1982},
  volume = {25},
  pages = {2812},
}

@ARTICLE{Bash91,
  author = {Paul A. Bash and Martin J. Field and R. C. Davenport and G. A. Petsko
	and D. Ringe and Martin Karplus},
  title = {Computer Simulation and Analysis of the Reaction Pathway of Triosephosphate
	Isomerase},
  journal = {Biochemistry},
  year = {1991},
  volume = {30},
  pages = {5826},
}

@ARTICLE{Bash87,
  author = {Paul A. Bash and Martin J. Field and Martin Karplus},
  title = {Free Energy Perturbation Method For Chemical Reactions in the Condensed
	Phase: {A} Dynamical Approach Based on a Combined Quantum and Molecular
	Mechanics Potential},
  journal = JACS,
  year = {1987},
  volume = {109},
  pages = {8092},
}

@ARTICLE{Bash87a,
  author = {Paul A. Bash and U. C. Singh and R. Langridge and Peter A. Kollman},
  title = {Free Energy Calculations by Computer Simulation},
  journal = SCI,
  year = {1987},
  volume = {236},
  pages = {564},
}

@BOOK{Bashkin75,
  title = {Atomic Energy Levels and Groatian Diagrams},
  publisher = {North-Holland},
  year = {1975},
  author = {S. Bashkin and J. D. Stoner},
  address = {Amsterdam},
}

@ARTICLE{Bates98,
  author = {K. R. Bates and A. D. Daniels and G. E. Scuseria},
  title = {Comparison of Conjugate Gradient Density Matrix Search and Chebyshev
	Expansion Methods for Avoiding Diagonalization in Large Scale Electronic
	Structure Calculations},
  journal = JCP,
  year = {1998},
  volume = {109},
  pages = {3308},
}

@ARTICLE{Beachy96,
  author = {Michael D. Beachy and David Chasman and Robert B. Murphy and Thomas
	A. Halgren and Richard A. Friesner},
  title = {Accurate Ab Initio Quantum Chemical Determination of the Relative
	Energetics of Peptide Conformations and Assessment of Empirical Force
	Fields},
  journal = {J. Am. Chem. Soc., submitted},
  year = {1996},
}

@ARTICLE{Becke95,
  author = {A. D. Becke and A. Savin and H. Stoll},
  title = {Extension of the local spin density approximation to multiplet states},
  journal = {Theoretica Chimica Acta},
  year = {1995},
  volume = {91},
  pages = {147-156},
}

@INCOLLECTION{Becke89a,
  author = {Axel D. Becke},
  title = {Density Functional Theories in Quantum Chemistry: Beyond the Local
	Density Approximation},
  booktitle = {The Challenge of $d$ and $f$ electrons: Theory and Computation},
  publisher = {American Chemical Society},
  year = {1989},
  editor = {Dennis Salahub and Michael Zerner},
  number = {394},
  series = {ACS Symp. Ser.},
  pages = {166},
  address = {Washington},
}

@ARTICLE{Becke96,
  author = {Axel D. Becke},
  title = {Density Functional Thermochemistry {IV}: A New Dynamical Correlation
	Functional and Implications for Exact Exchange Mixing},
  journal = JCP,
  year = {1996},
  volume = {104},
  pages = {1040},
}

@ARTICLE{Becke93,
  author = {Axel D. Becke},
  title = {Density Functional Thermochemistry {III}: The Role of Exact Exchange},
  journal = JCP,
  year = {1993},
  volume = {98},
  pages = {5648},
}

@ARTICLE{Becke93a,
  author = {Axel D. Becke},
  title = {A New Mixing of {H}artree-{F}ock and local density functional theories},
  journal = JCP,
  year = {1993},
  volume = {98},
  pages = {1372},
}

@ARTICLE{Becke92,
  author = {Axel D. Becke},
  title = {Density Functional Thermochemistry {I}: The Effect of the Exchange-Only
	Gradient Correction},
  journal = JCP,
  year = {1992},
  volume = {96},
  pages = {2155},
}

@ARTICLE{Becke92a,
  author = {Axel D. Becke},
  title = {Density Functional Thermochemistry {II}: The Effect of the Perdew-Wang
	Generalized Gradient Correlation},
  journal = JCP,
  year = {1992},
  volume = {97},
  pages = {9173},
}

@ARTICLE{Becke89,
  author = {Axel D. Becke},
  journal = {International Journal of Quantum Chemistry: Quantum Chemistry Symposia},
  year = {1989},
  volume = {23},
  pages = {599},
}

@ARTICLE{Becke88,
  author = {Axel D. Becke},
  title = {A Multicenter Numerical Integration Scheme for Polyatomic Molecules},
  journal = JCP,
  year = {1988},
  volume = {88},
  pages = {2547},
}

@ARTICLE{Becke88a,
  author = {Axel D. Becke},
  title = {Density-Functional Exchange-Energy Approximation with Correct Asymptotic
	Behavior},
  journal = PRA,
  year = {1988},
  volume = {38},
  pages = {3098},
}

@ARTICLE{Becke88b,
  author = {Axel D. Becke},
  title = {Correlation Energy of an Inhomogeneous Electron Gas: ACoordinate-Space
	Approach},
  journal = JCP,
  year = {1988},
  volume = {88},
  pages = {1053},
}

@ARTICLE{Becke86,
  author = {Axel D. Becke},
  title = {Density Functional Calculations of Molecular Bond Energies},
  journal = JCP,
  year = {1986},
  volume = {84},
  pages = {4524},
}

@ARTICLE{Beeman76,
  author = {D. Beeman},
  title = {Some Multistep Methods for Use in Molecular Dynamics Calculations},
  journal = {Journal of Computational Physics},
  year = {1976},
  volume = {20},
  pages = {130},
}

@ARTICLE{Beese91,
  author = {L. S. Beese and T. A. Steitz},
  title = {Structural Basis for the 3'-5' Exonuclease Activity of Escherichia
	coli {DNA} Polymerase {I}: {A} Two Metal Ion Mechanism},
  journal = {EMBO Journal},
  year = {1991},
  volume = {10},
  pages = {25},
}

@ARTICLE{Bell84,
  author = {Stephen Bell and James S. Crighton},
  title = {Locating Transition States},
  journal = JCP,
  year = {1984},
  volume = {80},
  pages = {2464},
}

@ARTICLE{Delbene71,
  author = {J. Del Bene and R. Ditchfield and John A. Pople},
  journal = JCP,
  year = {1971},
  volume = {55},
  pages = {2236},
}

@ARTICLE{Benkovic88,
  author = {Stephen J. Benkovic and C. A. Fierke and Adel M. Naylor},
  title = {Insights into Enzyme Function from Studies on Mutants of Dihydrofolate
	Reductase},
  journal = SCI,
  year = {1988},
  volume = {239},
  pages = {1105},
}

@ARTICLE{Berchtold93,
  author = {H. Berchtold and L. Reshetnikova and C. O. Reiser and N. K. Schirmer
	and M. Sprintzl and R. Hilgenfeld},
  title = {Crystal Structure of Active Elongation Factor Tu Reveals Major Domain
	Rearrangements},
  journal = {Nature},
  year = {1993},
  volume = {365},
  pages = {368-368},
}

@INCOLLECTION{Bendersen81,
  author = {H. J. C. Berendsen and J. P. M. Postma and W. F. {van Gunsteren}
	and J. Hermans},
  title = {Interaction Models for Water in Relation to Protein Hydration},
  booktitle = {Intermolecular Forces},
  publisher = {Reidel},
  year = {1981},
  editor = {B. Pullman},
  pages = {331},
  address = {Dordrecht, the Netherlands},
}

@ARTICLE{Bergsma87,
  author = {J. P. Bergsma and B. J. Gertner and Kent R. Wilson and J. T. Hynes},
  title = {Molecular dynamics of a model Sn2 reaction in water},
  journal = JCP,
  year = {1987},
  volume = {86},
  pages = {1356},
}

@ARTICLE{Bernardi88,
  author = {F. Bernardi and A. Bottini and Martin J. Field and M. F. Guest and
	Ian H. Hillier and Michel A. Robb and A. Venturini},
  title = {{MC}-{SCF} Study of the Diels-Alder Reaction Between Ethylene and
	Butadiene},
  journal = JACS,
  year = {1988},
  volume = {110},
  pages = {3050},
}

@ARTICLE{Bernardi92,
  author = {F. Bernardi and M. Olivucci and Michael A. Robb},
  title = {Simulation of {MC}-{SCF} Results on Covalent Organic Multi-Bond Reactions:
	Molecular Mechanics with Valence-Bond ({MM}-{VB})},
  journal = JACS,
  year = {1992},
  volume = {114},
  pages = {1606},
}

@ARTICLE{Bernardo94,
  author = {Dan N. Bernardo and Yanbo Ding and Karsten Krogh-Jespersen and Ronald
	M. Levy},
  title = {An Anisotropic Polarizable Water Model: Incorporation of All-Atom
	Polarizibilities into Molecular Mechanics Force Fields},
  journal = {Journal of Physical Chemistry},
  year = {1994},
  volume = {98},
  pages = {4180},
}

@ARTICLE{Beveridge89,
  author = {D. L. Beveridge and F. M. DiCapua},
  title = {Free Energy via Molecular Simulation: Applications to Chemical and
	Biomolecular Systems},
  journal = {Annual Review of Biophysics and Biophysical Chemistry},
  year = {1989},
  volume = {18},
  pages = {431},
}

@BOOK{Bevington69,
  title = {Data Reduction and Error Analysis for the Physical Sciences},
  publisher = {McGraw-Hill},
  year = {1969},
  author = {Philip R. Bevington},
  address = {New York},
}

@ARTICLE{Beylkin99,
  author = {G. Beylkin and N Coult and M. J. Mohlenkamp},
  title = {Fast spectral projection algorithms for density-matrix computations},
  journal = {Journal of Computational Physics},
  year = {1999},
  volume = {152},
  pages = {32},
}

@ARTICLE{Binkley77,
  author = {J. Stephen Binkley and John A. Pople},
  title = {Self-Consistent Molecular Orbital Methods. XIX. Split-Valence Gaussian-Type
	Basis Sets for Beryllium},
  journal = JCP,
  year = {1977},
  volume = {66},
  pages = {879},
}

@ARTICLE{Birchmeier85,
  author = {C. Birchmeier and D. Broek and M. Wigler},
  title = {Ras Proteins Can Induce Meiosis in Xenopus Oocytes},
  journal = {Cell},
  year = {1985},
  volume = {43},
  pages = {615},
}

@ARTICLE{Blair89,
  author = {J. T. Blair and K. J. Karsten and R. M. Levy},
  title = {Solvent effects on optical absorption spectra: The 1A1 ® 1A2 Transition
	of Formaldehyde in Water},
  journal = JACS,
  year = {1989},
  volume = {111},
  pages = {6948},
}

@ARTICLE{Blow69,
  author = {D. M. Blow and J. J. Briktoft and B. S. Hartley},
  journal = {Nature},
  year = {1969},
  volume = {221},
  pages = {337},
}

@ARTICLE{Blochl90,
  author = {P. Bl{\"o}chl},
  journal = PRB,
  year = {1990},
  volume = {41},
  pages = {5414},
}

@PHDTHESIS{Bobrowicz74,
  author = {Frank W. Bobrowicz},
  school = {California Institute of Technology},
  year = {1974},
  address = {Pasadena, California},
}

@INCOLLECTION{Bobrowicz77,
  author = {Frank W. Bobrowicz and Goddard, III, William A.},
  title = {The Self-Consistent Field Equations for Generalized Valence Bond
	and Open-Shell {Hartree}-{Fock} Wave Functions},
  booktitle = {Methods of Electronic Structure Theory},
  publisher = {Plenum Press},
  year = {1977},
  editor = {Schaefer, III, Henry F.},
  volume = {3},
  series = {Modern Theoretical Chemistry},
  pages = {79},
  address = {New York},
}

@ARTICLE{Bofill94,
  author = {Josep Maria Bofill},
  title = {Updated Hessian Matrix and the Restricted Step Method for Locating
	Transition Structures},
  journal = JCC,
  year = {1994},
  volume = {15},
  pages = {1},
}

@ARTICLE{Bofill95,
  author = {Josep Maria Bofill and M{\'o}nica Comajuan},
  title = {Analysis of the Updated Hessian Matrices for Locating Transition
	Structures},
  journal = JCC,
  year = {1995},
  volume = {16},
  pages = {1326},
}

@ARTICLE{Bonaccorsi91,
  author = {R. Bonaccorsi and R. Cammi and J. Tomasi},
  journal = JCC,
  year = {1991},
  volume = {12},
  pages = {301},
}

@article{Bonetti01,
  author = {A. F. Bonetti and E. Engel and R. N. Schmid and R. M. Dreizler},
  title = {Investigation of the correlation potential from Kohn-Sham
                  perturbation theory},
  year = 2001,
  journal = PRL,
  volume = 86, 
  pages = 2241,
}

@ARTICLE{Born20,
  author = {Max Born},
  title = {Ionic solvation},
  journal = {Z. Physics},
  year = {1920},
  volume = {1},
  pages = {45-48},
}

@ARTICLE{Bowler99,
  author = {D. R. Bowler and M. J. Gillan},
  title = {Density Matrices in O(N) Electronic Structure Calculations: Theory
	and Applications},
  journal = {Computer Physics Communications},
  year = {1999},
  volume = {120},
  pages = {95},
}

@ARTICLE{Boys60,
  author = {S. F. Boys},
  title = {Construction of Some Molecular Orbitals to Be Approximately Invariant
	for Changes from One Molecule to Another},
  journal = {Reviews of Modern Physics},
  year = {1960},
  volume = {32},
  pages = {296},
}

@ARTICLE{Boys50,
  author = {S. F. Boys},
  title = {Electronic Wave Functions. {I. A} General Method of Calculation for
	the Stationary States of Any Molecular System},
  journal = {Proceedings of the Royal Society},
  year = {1950},
  volume = {A200},
  pages = {542},
}

@ARTICLE{Brandt95,
  author = {O. Brandt and H. Yang and B. Jenichen and Y. Suzukiand L. Daweritz
	and K. H. Ploog},
  journal = {Phys. Rev. B},
  year = {1995},
  volume = {52},
  pages = {R2253},
}

@ARTICLE{Breneman90,
  author = {Curt M. Breneman and Kenneth B. Wiberg},
  title = {Determining Atom-Centered Monopoles from Molecular Electrostatic
	Potentials. The Need for High Sampling Density in Formamide Conformational
	Analysis},
  journal = JCC,
  year = {1990},
  volume = {11},
  pages = {361},
}

@ARTICLE{Breslow86,
  author = {R. Breslow and M. Labelle},
  title = {Sequential General Base-Acid Catalysis in the Hydrolysis of {RNA}
	by Imidazole},
  journal = JACS,
  year = {1986},
  volume = {108},
  pages = {2655},
}

@ARTICLE{Brooks83,
  author = {Bernard R. Brooks and Robert E. Bruccoleri and Barry D. Olafson and
	David J. States and S. Swaminathan and Martin Karplus},
  title = {{CHARMM}: a program for macromolecular energy, minimization, and
	dynamics calculations},
  journal = JCC,
  year = {1983},
  volume = {4},
  pages = {187},
}

@ARTICLE{Bugg93,
  author = {C. E. Bugg and W. M. Carson and J. A. Montgomery},
  title = {Drugs by Design},
  journal = {Scientific American},
  year = {1993},
  volume = {269},
  pages = {92},
}

@ARTICLE{Burgner84,
  author = {J. W. Burgner and W. J. Ray},
  title = {On the Origin of the Lactate Dehydrogenase Induced Rate Effect},
  journal = {Biochemistry},
  year = {1984},
  volume = {23},
  pages = {3636},
}

@ARTICLE{Butcher55,
  author = {W. W. Butcher and F. H. Westheimer},
  title = {Metaphosphate Intermediate},
  journal = JACS,
  year = {1955},
  volume = {77},
  pages = {2420},
}

@ARTICLE{Cabani81,
  author = {S. Cabani and P. Gianni and V. Mollica and L. Lepori},
  title = {Group Contributions to the Thermodynamic Properties of Non-Ionic
	Organic Solutes in Dilute Aqueous Solution},
  journal = {Journal of Solution Chemistry},
  year = {1981},
  volume = {10},
  pages = {563 - 595},
}

@ARTICLE{Cao93,
  author = {Jianshu Cao and B. J. Berne},
  title = {Theory and Simulation of Polar and Nonpolar Polarizable Fluids},
  journal = JCP,
  year = {1993},
  volume = {99},
  pages = {6998},
  note = {Erratum in Journal of Chemical Physics, vol. 100, p.4720 (1994)},
}

@ARTICLE{Capelle03,
  author = {K. Capelle},
  title = {Variational calculation of many-body wave functions and energies
	from density functional theory},
  journal = JCP,
  year = {2003},
  volume = {119},
  pages = {1285-1288},
}

@ARTICLE{Car85,
  author = {R. Car and Michele Parrinello},
  title = {Unified Approach for Molecular Dynamics and Density-Functional Theory},
  journal = PRL,
  year = {1985},
  volume = {55},
  pages = {2471},
}

@ARTICLE{Carter88,
  author = {P. Carter and J. A. Wells},
  title = {Dissecting the Catalytic Triad of a Serine Protease},
  journal = {Nature},
  year = {1988},
  volume = {332},
  pages = {564},
}

@ARTICLE{Casewit92,
  author = {C. J. Casewit and K. S. Colwell and A. K. Rapp{\'e}},
  title = {Application of a Universal Force Field to Organic Molecules},
  journal = JACS,
  year = {1992},
  volume = {114},
  pages = {10035},
}

@ARTICLE{Casewit92a,
  author = {C. J. Casewit and K. S. Colwell and A. K. Rapp{\'e}},
  title = {Application of a Universal Force Field to Main Group Compounds},
  journal = JACS,
  year = {1992},
  volume = {114},
  pages = {10046},
}

@article{Casida95,
  author = {M. E. Casida},
  title = {Generalization of the optimized-effective-potential model to 
           include electron correlation---a variational derivation of the
           {S}ham-{S}chluter equation for the exact exchange-correlation
           potential},
  journal = PRA,
  year = 1995,
  volume = 51,
  pages = 2005,
}
  

@ARTICLE{Cencek98,
  author = {Wojciech Cencek and Jacek Rychlewski and Ralph Jaquet and Werner
	Kutzelnigg},
  title = {Sub-microhartree Accuracy Potential Energy Surface for {H}$_3^+$.
	{I. Calculation} of the Potential Points},
  journal = JCP,
  year = {1998},
  volume = {108},
  pages = {2831},
  number = {7},
}

@ARTICLE{Ceperley80,
  author = {D. M. Ceperley and B. I. Alder},
  title = {Ground State of the Electron Gas by a Stochastic Method},
  journal = PRL,
  year = {1980},
  volume = {45},
  pages = {566},
}

@ARTICLE{Cha89,
  author = {Y. Cha and C. J. Murray and J. P. Klinman},
  title = {Hydrogen Tunneling in Enzyme Reactions},
  journal = SCI,
  year = {1989},
  volume = {243},
  pages = {1325},
}

@ARTICLE{Chadi75,
  author = {D. J. Chadi and Marvin L. Cohen},
  journal = {Phys. Stat. Sol. B},
  year = {1975},
  volume = {68},
  pages = {405},
}

@ARTICLE{Challacombe99,
  author = {M. Challacombe},
  title = {A Simplified Density Matrix Minimization for Linear Scaling Self-Consistent
	Field Theory},
  journal = JCP,
  year = {1999},
  volume = {110},
  pages = {2332},
}

@ARTICLE{Chandler88,
  author = {David Chandler and R. A. Kuharski},
  journal = {Faraday Discussions in Chemistry},
  year = {1988},
  volume = {85},
  pages = {329},
}

@ARTICLE{Chandrasekhar85,
  author = {J. Chandrasekhar and William L. Jorgensen},
  title = {Energy Profile for a Nonconcerted SN2 Reaction in Solution},
  journal = JACS,
  year = {1985},
  volume = {107},
  pages = {2974},
}

@ARTICLE{Chandrasekhar82,
  author = {J. Chandrasekhar and William L. Jorgensen},
  title = {The Nature of Dilute Solutions of Sodium in water, Methanol, and
	Tetrahydrofuran},
  journal = JCP,
  year = {1982},
  volume = {77},
  pages = {5080},
}

@ARTICLE{Chang90,
  author = {Y. T. Chang and William H. Miller},
  title = {An Empirical Valence Bond Model for Constructing Global Potential
	Energy Surfaces for Chemical Reactions of Polyatomic Molecular Systems},
  journal = {Journal of Physical Chemistry},
  year = {1990},
  volume = {94},
  pages = {5884},
}

@ARTICLE{Chem72,
  author = {B. M. Chem and A. Tulinsky},
  journal = JACS,
  year = {1972},
  volume = {94},
  pages = {4144},
}

@ARTICLE{Chen94,
  author = {Jun L. Chen and Lois Noodleman and David A. Case and Donald Bashford},
  title = {Incorporating Solvation Effects into Density Functional Electronic
	Structure Calculations},
  journal = {Journal of Physical Chemistry},
  year = {1994},
  volume = {98},
  pages = {11059},
}

@ARTICLE{Chen96,
  author = {X. J. Chen and X. Hua and J. Hu and J.-M. Langloisand Goddard, III,
	W. A.},
  journal = {Phys. Rev. B},
  year = {1996},
  volume = {53},
  pages = {1377},
}

@ARTICLE{Chen95a,
  author = {X. J. Chen and A. Mintz and J. Hu and X. Hua andJ. Zinck and Goddard,
	III, W. A.},
  journal = {J. Vac. Sci. Technol. B},
  year = {1995},
  volume = {13},
  pages = {1715},
}

@ARTICLE{Chen95,
  author = {Xiajie Chen and Jean-Marc Langlois and Goddard, III, William A.},
  title = {Dual-Space Approach for Density Functional Calculations of Two- and
	Three-Dimensional Crystals Using GAussian Basis Functions},
  journal = PRB,
  year = {1995},
  volume = {52},
  pages = {2348},
}

@ARTICLE{Cheung86,
  author = {E. Cheung and K. Taylor and J. A. Kornblatt and A. M. English and
	G. McLendon and J. R. Miller},
  title = {Direct Measurements of Intramolecular Electron Transfer Rates Between
	Cytochrome c and Cytochrome c Peroxidase: Effects of Exothermicity
	and Primary Sequence on Rate},
  journal = PNAS,
  year = {1986},
  volume = {83},
  pages = {1330-1333},
}

@ARTICLE{Chirlian87,
  author = {Lisa Emily Chirlian and Michelle Miller Francl},
  title = {Atomic Charges Derived from Electrostatic Potentials: A Detailed
	Study},
  journal = JCC,
  year = {1987},
  volume = {8},
  pages = {894},
}

@ARTICLE{Christiansen79,
  author = {P. A. Christiansen and Y. S. Lee and K. S. Pitzer},
  journal = JCP,
  year = {1979},
  volume = {71},
  pages = {4445},
}

@ARTICLE{Warshel91c,
  author = {Arieh Warshel Zen T. Chu and Jenn K. Hwang},
  title = {The Dynamics of the Primary Event in Rhodopsins Revisited},
  journal = JCP,
  year = {1991},
  volume = {158},
  pages = {303},
}

@ARTICLE{Chu89,
  author = {Zen T. Chu and Arieh Warshel and W. W. Parson},
  title = {Microscopic Simulation of Quantum Dynamics and Nuclear Tunneling
	in Bacterial Reaction Centers},
  journal = {Photosynthesis Research},
  year = {1989},
  volume = {22},
  pages = {39},
}

@ARTICLE{Chung93,
  author = {H. H. Chung and D. R. Benson and Peter G. Schultz},
  title = {Probing the Structure and Mechanism of Ras Protein with an Expanded
	Genetic Code},
  journal = SCI,
  year = {1993},
  volume = {259},
  pages = {806-809},
}

@INCOLLECTION{Churg85,
  author = {A. K. Churg and Arieh Warshel},
  title = {Modeling the Activation Energy and Dynamics of Electron Transfer
	Reactions in Proteins},
  booktitle = {Structure and Motion: Membranes, Nucleic Acids and Proteins},
  publisher = {Adenine Press},
  year = {1985},
  editor = {E. Clementi and G. Corongiu and M. H. Sarma and R. H. Sarma},
  pages = {361},
  address = {Guilderland, NY},
}

@ARTICLE{Churg86,
  author = {A. K. Churg and Arieh Warshel},
  title = {Control of Redox Potential of Cytochrome c and Microscopic Dielectric
	Effects in Proteins},
  journal = {Biochemistry},
  year = {1986},
  volume = {25},
  pages = {1675},
}

@ARTICLE{Churg83,
  author = {A. K. Churg and R. M. Weiss and Arieh Warshel and T. Takano},
  title = {On the Action of Cytochrome c: Correlating Geometry Changes Upon
	Oxidation With Activation Energies of Electron Transfer},
  journal = {Journal of Physical Chemistry},
  year = {1983},
  volume = {87},
  pages = {1683},
}

@ARTICLE{Cieplak91,
  author = {Piotr Cieplak and Peter Kollman},
  title = {On the Use of Electrostatic Potential Derived Charges in Molecular
	Mecahnics Force Fields. The Peptide Solvation Free Energy of Cis-
	and Trans-N-Methylacetamide},
  journal = JCC,
  year = {1991},
  volume = {12},
  pages = {1232},
}

@ARTICLE{Clarke88,
  author = {A. R. Clarke and H. M. Wilks and D. A. Barstow and T. Atkinson and
	W. N. Chia and J. J. Holbrook},
  title = {An Investigation of the Contribution Made by the Carboxylate Group
	of an Active Site Histidine-Aspartate Couple to Binding and Catalysis
	in Lactate Dehydrogenase},
  journal = {Biochemistry},
  year = {1988},
  volume = {27},
  pages = {1617},
}

@ARTICLE{Cohen94,
  author = {R. E. Cohen and M. J. Mehl and D. A. Papaconstantopoulos},
  title = {Tight-Binding Total-Energy Method for Transition- and Noble-Metals},
  journal = PRB,
  year = {1994},
  volume = {50},
  pages = {14694},
}

@ARTICLE{Colegrove90,
  author = {Colegrove, {B.T.} and Schaefer, {H.F.}},
  title = {Disilyne (Si2H2) Revisited},
  journal = {Journal of Physical Chemistry},
  year = {1990},
  volume = {94},
  pages = {5593--5602},
  number = {14},
}

@article{Collman80,
 author = {James P. Collman and Peter Denisevich and Yutaka Konai 
           and Matt Marrocco and Carl Koval and Fred C. Anson}, 
 title = {Electrode Catalysis of the Four-Electron Reduction of Oxygen to 
          Water by Dicobalt Face-to-Face Porphyrins},
 journal = JACS,
 year = 1980, 
 volume = 102,
 pages = 6027,
}

@article{Colle75,
 author = {Renato Colle and Oriano Salvetti},
 title = {Approximate Calculation of the Correlation Energy
          for the Closed Shells},
 journal = {Theoretica Chimica Acta},
 year = {1975},
 volume = {37},
 pages = {329}
}

@article{Colle90,
 author = {Renato Colle and Oriano Salvetti},
 title = {An iterative method for the direct calculation of the total
                  electronic energy and correlated wave function
                  through the use of the Colle-Salvetti correlation
                  potential}, 
 journal = JCP,
 year = {1990},
 volume = {94},
 pages = {1306}
}

@ARTICLE{Colvin95,
  author = {M. E. Colvin and E. V. Evleth and Y. Akacem},
  title = {Quantum Chemical Studies of Pyrophosphate Hydrolysis},
  journal = JACS,
  year = {1995},
  volume = {117},
  pages = {4357},
}

@ARTICLE{Contreras94,
  author = {R. R. Contreras and F. Mendizabal and A. J. Aizman},
  title = {Energy density relationships for the treatment of ion solvation within
	density functional theory},
  journal = PRA,
  year = {1994},
  volume = {49},
  pages = {3439},
}

@ARTICLE{Conway90,
  author = {J. F. Conway and D. A. D. Parry},
  title = {Structural Features in the Heptad Substructure and Longer Range Repeats
	of Two-Stranded Alpha-Fibrous Proteins},
  journal = {International Journal of Biological Macromolecules},
  year = {1990},
  volume = {12},
  pages = {328-334},
}

@ARTICLE{Cooper86,
  author = {D. L. Cooper and J. Gerratt and M. Raimondi},
  title = {The Electronic Structure of the Benzene Molecule},
  journal = {Nature},
  year = {1986},
  volume = {323},
  pages = {699},
}

@ARTICLE{Cooper89,
  author = {J. B. Cooper and S. I. Foundling and T. L. Blundell and J. Boger
	and R. A. Jupp and J. Kay},
  title = {X-Ray Studies of Asparatic Proteinase-Statine Inhibitor Complexes},
  journal = {Biochemistry},
  year = {1989},
  volume = {28},
  pages = {8596},
}

@ARTICLE{Corongiu89,
  author = {G. Corongiu and M. Migliore and E. Clementi},
  title = {Hydration Free Energy for Li${^+}$ at Infinite Dilution with a Three-Body
	{\em Ab Initio} Potential},
  journal = JCP,
  year = {1989},
  volume = {90},
  pages = {4629},
}

@ARTICLE{Cortis96,
  author = {Christian M. Cortis and Richard A. Friesner},
  title = {An Automatic 3D Finite Element Mesh Generation System For the Poisson-Boltzmann
	Equation},
  journal = {J. Comput. Chem., submitted},
  year = {1996},
}

@ARTICLE{Cortis96a,
  author = {Christian M. Cortis and Richard A. Friesner},
  title = {Numerical Solution of the Poisson-Boltzmann Equation Using Tetrahedral
	Finite-Element Meshes},
  journal = {J. Comput. Chem., submitted},
  year = {1996},
}

@ARTICLE{Cortona91,
  author = {P. Cortona},
  title = {Self-consistently determined properties of solids without band-structure
	calculations},
  journal = PRB,
  year = {1991},
  volume = {44},
  pages = {8454},
}

@ARTICLE{Cossi95,
  author = {M. Cossi and J. Tomasi and R. Cammi},
  title = {Analytical Expressions of the Free-Energy Derivatives for Molecules
	in Solution - Application to the Geometry Optimization},
  journal = {International Journal of Quantum Chemistry: Quantum Chemistry Symposia},
  year = {1995},
  volume = {29},
  pages = {695},
}

@ARTICLE{Cox64,
  author = {Cox, Jr., J. R. and O. B. Ramsay},
  title = {Mechanisms of Nucleophilic Substitution in Phosphate Esters},
  journal = {Chemical Review},
  year = {1964},
  volume = {64},
  pages = {317},
}

@ARTICLE{Cox81,
  author = {S. R. Cox and D. E. Williams},
  title = {Atomic Charges},
  journal = JCC,
  year = {1981},
  volume = {2},
  pages = {304},
}

@ARTICLE{Craik87,
  author = {C. S. Craik and S. Roczniak and C. Largman and W. J. Rutter},
  title = {The Catalytic Role of the Active Site Aspartic Acid in Serine Proteases},
  journal = SCI,
  year = {1987},
  volume = {237},
  pages = {909},
}

@ARTICLE{Cramer91a,
  author = {Christopher J. Cramer and Donald G. Truhlar},
  title = {General Parameterized {SCF} Model for Free Energies of Solvation
	in Aqueous Solution},
  journal = JACS,
  year = {1991},
  volume = {113},
  pages = {8305},
}

@ARTICLE{Cramer92,
  author = {Christopher J. Cramer and Donald G. Trular},
  title = {Generalized Born},
  journal = {Journal of Computer Aided Molecular Design},
  year = {1992},
  volume = {6},
  pages = {629},
}

@ARTICLE{Cramer91,
  author = {Christopher J. Cramer and Donald G. Trular},
  title = {Molecular orbital theory calculations of aqueous solvation effects
	on chemical equilibria},
  journal = JACS,
  year = {1991},
  volume = {113},
  pages = {8552},
}

@ARTICLE{Creighton88,
  author = {Stephen Creighton and Jenn K. Hwang and Arieh Warshel and W. W. Parson
	and J. Norris},
  title = {Simulating the Dynamics of the Primary Charge Separation Process
	in Bacterial Photosynthesis},
  journal = {Biochemistry},
  year = {1988},
  volume = {27},
  pages = {774},
}

@ARTICLE{Cremaschi72,
  author = {P. Cremaschi and A. Gamba and M. Simonetta},
  title = {Supermolecule approaches},
  journal = {Theoretica Chimica Acta},
  year = {1972},
  volume = {25},
  pages = {237},
}

@ARTICLE{Culot92,
  author = {P. Culot and G. Dive and V. H. Nguyen and J. M. Ghuysen},
  title = {A Quasi-Newton Algorithm for First-Order Saddle-Point Location},
  journal = {Theoretica Chimica Acta},
  year = {1992},
  volume = {82},
  pages = {189},
}

@ARTICLE{Curtiss97,
  author = {Larry A. Curtiss and Krishnan Raghavachari and Paul C. Redfern and
	John A. Pople},
  title = {Assessment of Gaussian-2 and Density Functional Theories for the
	Computation of Enthalpies of Formation},
  journal = JCP,
  year = {1997},
  volume = {106},
  pages = {1063},
  number = {3},
}

@ARTICLE{Cutler89,
  author = {R. L. Cutler and A. M. Davies and Stephen Creighton and Arieh Warshel
	and G. R. Moore and M. Smith and A. G. Mauk},
  title = {Role of Arginine-38 in Regulation of the Cytochrome c Oxidation-Reduction
	Equilibrium},
  journal = {Biochemistry},
  year = {1989},
  volume = {28},
  pages = {3188},
}

@BOOK{Dahlquist74,
  title = {Numerical Methods},
  publisher = {Prentice-Hall},
  year = {1974},
  author = {Germund Dahlquist and {\AA}ke Bj{\"o}rck},
  address = {Englewood Cliffs, NJ},
}

@ARTICLE{Dang91,
  author = {Liem X. Dang and Julia E. Rice and James Caldwell and Peter A. Kollman},
  title = {Ion Solvation in Polarizable Water: Molecular Dynamics Simulations},
  journal = JACS,
  year = {1991},
  volume = {113},
  pages = {2481},
}

@ARTICLE{Daniels99,
  author = {A. D. Daniels and G. E. Scuseria},
  title = {What is the Best Alternative to Diagonalization of the Hamiltonian
	in Large Scale Semiempirical Calculations?},
  journal = JCP,
  year = {1999},
  volume = {110},
  pages = {1321},
}

@ARTICLE{Das76,
  author = {K. Das and D. K. Ferry},
  journal = {Solid-State Electron},
  year = {1976},
  volume = {19},
  pages = {851},
}

@ARTICLE{Dasgupta89,
  author = {Siddharth Dasgupta and Goddard, III, William A.},
  title = {Hessian-Biased Force Fields Combining Theory and Experiment},
  journal = JCP,
  year = {1989},
  volume = {90},
  pages = {7207},
}

@ARTICLE{Dasgupta96,
  author = {Siddharth Dasgupta and Terumasa Yamasaki and Goddard~III, William
	A.},
  title = {The Hessian Biased Singular Value Decomposition Method for Optimization
	and Analysis of Force Fields},
  journal = JCP,
  year = {1996},
  volume = {104},
  pages = {2898},
}

@ARTICLE{Davidson92,
  author = {Ernie R. Davidson},
  journal = {Journal of Computational Physics},
  year = {1992},
  volume = {103},
  pages = {382},
}

@ARTICLE{Davidson75,
  author = {Ernie R. Davidson},
  title = {The iterative calculation of a few of the lowest eigenvalues and
	corresponding eigenvectors of large real symmetric matrices},
  journal = {Journal of Computational Physics},
  year = {1975},
  volume = {17},
  pages = {87--94},
}

@ARTICLE{Davidson94,
  author = {M. M. Davidson and I. H. Hillier and R. J. Hall and N. A. Burton},
  title = {Effect of solvent on the Claisen rearrangement of allyl vinyl either
	using \emph{ab initio} continuum methods},
  journal = JACS,
  year = {1994},
  volume = {116},
  pages = {9294},
}

@ARTICLE{Davies91,
  author = {J. F. Davies and Z. Hostomska and Z. Hostomsky and S. R. Jordan and
	D. A. Matthews},
  title = {Crystal Stucture of the Ribonuclease {H} Domain of {HIV}-1 Reverse
	Transcriptase},
  journal = SCI,
  year = {1991},
  volume = {252},
  pages = {88},
}

@ARTICLE{Daw93,
  author = {M. S. Daw},
  title = {Model for energetics of solids based on the density matrix},
  journal = PRB,
  year = {1993},
  volume = {47},
  pages = {10895},
}

@ARTICLE{Deisenhofer84,
  author = {J. Deisenhofer and O. Epp and K. Miki and R. Huber and H. Michel},
  title = {X-ray Structure-Analysis of a Membrane-Protein Complex---Electron
	Density Map at 3 {\AA} Resolution and a Model of the Chromophores
	of the Photosynthetic Reaction Center from \emph{Rhodopseudomonas
	Viridis}},
  journal = {Journal of Molecular Biology},
  year = {1984},
  volume = {180},
  pages = {385},
}

@ARTICLE{Dejaegere94,
  author = {A. Dejaegere and X. Liang and Martin Karplus},
  title = {Phosphate Ester Hydrolysis: Calculation of Gas-Phase Reaction Paths
	and Solvation Effects},
  journal = {Journal of the Chemical Society, Faraday Transactions},
  year = {1994},
  volume = {90},
  pages = {1763},
}

@ARTICLE{Delley90,
  author = {B. Delley},
  title = {An all-electron numerical method for solving the local density functional
	for polyatomic molecules},
  journal = JCP,
  year = {1990},
  volume = {92},
  pages = {508},
}

@ARTICLE{Derbyshire91,
  author = {V. Derbyshire and N. D. Grindley and C. M. Joyce},
  title = {The 3'-5' Exonuclease of {DNA} Polymerase {I} of Escherichia coli:
	Contribution of Each Amino Acid at the Active Site to the Reaction},
  journal = {EMBO Journal},
  year = {1991},
  volume = {10},
  pages = {17},
}

@ARTICLE{Dewar77,
  author = {Michael J. S. Dewar and Walter Thiel},
  title = {{MNDO}},
  journal = JACS,
  year = {1977},
  volume = {99},
  pages = {4899},
}

@ARTICLE{Ding95,
  author = {Yanbo Ding and Dan N. Bernardo and Karsten Krogh-Jespersen and Ronald
	M. Levy},
  title = {Solvation Free Energies of Small Amides and Amines from Molecular
	Dynamics/Free Energy Perturbation Simulations Using Pairwise Additive
	and Many-Body Polarizable Potentials},
  journal = {Journal of Physical Chemistry},
  year = {1995},
  volume = {99},
  pages = {11575},
}

@ARTICLE{Dinur93,
  author = {Uri Dinur},
  title = {Molecular Polarizibilities from Electronegativity Equilization Models},
  journal = {Journal of Physical Chemistry},
  year = {1993},
  volume = {97},
  pages = {7894},
}

@article{Dirac30,
 author = {P. A. M. Dirac},
 title = {Notes on exchange phenomena in the {T}homas atom},
 journal = {Proc. Cambridge Philos. Soc.},
 volume = {26},
 pages = {376},
 year = {1930},
}

@BOOK{Dirac57,
  title = {The Principles of Quantum Mechanics},
  publisher = {Oxford Scientific Publications},
  year = {1957},
  author = {P. A. M. Dirac},
}

@ARTICLE{Ditchfield72,
  author = {R. Ditchfield and J. Del Bene and John A. Pople},
  journal = JACS,
  year = {1972},
  volume = {94},
  pages = {703},
}

@ARTICLE{Douady80,
  author = {J. Douady and Y. Ellinger and R. Subra and B. Levy},
  title = {Exponential Transformation of Molecular Orbitals: A Quadratically
	Convergent SCF Procedure. I. General Formulation and Application
	to Closed-Shell Ground States},
  journal = JCP,
  year = {1980},
  volume = {72},
  pages = {1452},
}

@ARTICLE{Doyle88,
  author = {Doyle, J. and Robertson, R. and Lin, {G.H.} and He, {M.Z.} and Gallagher,
	A.},
  title = {Production of High-Quality Amorphous-Silicon Films by Evaporative
	Silane Surface Decomposition},
  journal = {Journal of Applied Physics},
  year = {1988},
  volume = {64},
  pages = {3215--3223},
  number = {6},
}

@INCOLLECTION{Drake96,
  author = {G. W. F. Drake},
  booktitle = {Casimir Forces: Theory and Recent Experiments on Atomic Systems},
  publisher = {Elsevier},
  year = {1997},
  editor = {J. Seminario},
  address = {Amsterdam},
}

@ARTICLE{Drake94,
  author = {G. W. F. Drake and Z. C. Yan},
  title = {Variational eigenvalues for the {S}-states of {H}elium},
  journal = CPL,
  year = {1994},
  volume = {229},
  pages = {486},
}

@ARTICLE{Duijnen87,
  author = {P. van Duijnen and J. A. C. Rullmann},
  title = {Analysis of discrete and continuum dielectric modelsÑapplication
	to the calculation of protonation energies in solution},
  journal = {Molecular Physics},
  year = {1987},
  volume = {61},
  pages = {293},
}

@ARTICLE{Duijnen80,
  author = {P. van Duijnen and T. Tole and B. Broer and R. Nieuwport},
  journal = {International Journal of Quantum Chemistry},
  year = {1980},
  volume = {17},
  pages = {651},
}

@article{Duin01,
  author = {Adri C. T. van Duin and Siddharth Dasgupta and 
            Francois Lorant and William A. Goddard},
  title = {ReaxFF: A Reactive Force Field for Hydrocarbons},
  journal = JPCA,
  volume = 105,
  pages = 9396,
  year = 2001,
}

@ARTICLE{Dunn82,
  author = {M. F. Dunn and H. Dietrich and A. K. H. MacGibbon and S. C. Koerber
	and M. Zeppezauer},
  title = {Investigation of Intermediates and Transition States in the Catalytic
	Mechanisms of Active Site Substituted Cobalt ({II}), Nickel ({II}),
	Zinc ({II}) and Cadmium ({II}) Horse Liver Alcohol Dehydrogenase},
  journal = {Biochemistry},
  year = {1982},
  volume = {21},
  pages = {354},
}

@INCOLLECTION{Dunning77,
  author = {Thomas H. Dunning and P. J. Hay},
  title = {Basis Sets for Electronic Structure Theory},
  booktitle = {Modern Theoretical Chemistry: Methods of Electronic Structure Theory},
  publisher = {Plenum},
  year = {1977},
  editor = {Schaefer, III, Henry F.},
  volume = {3},
  address = {New York},
}

@ARTICLE{Dunning89,
  author = {Dunning, {T.H.}},
  title = {Gaussian Basis Sets for use in Correlated Molecular Calculations.
	1. The Atoms Boron Through Neon and Hydrogen},
  journal = JCP,
  year = {1989},
  volume = {90},
  pages = {1007--1023},
  number = {2},
}

@ARTICLE{Dunning71,
  author = {Dunning,~Jr., Thom H.},
  title = {Gaussian Basis Functions for Use in Molecular Calculations. III.
	Contraction of ($10s5p$) Atomic Basis Sets for First-Row Atoms},
  journal = JCP,
  year = {1971},
  volume = {55},
  pages = {716},
}

@ARTICLE{Dunning70,
  author = {Dunning,~Jr., Thom H.},
  title = {Gaussian Basis Functions for Use in Molecular Calculations. I. Contraction
	of ($9s5p$) Atomic Basis Sets for First-Row Atoms},
  journal = JCP,
  year = {1970},
  volume = {53},
  pages = {2823},
}

@ARTICLE{Dupuis76,
  author = {Michel Dupuis and John Rys and Harry F. King},
  title = {Evaluation of Molecular Integrals over Gaussian Basis Functions},
  journal = JCP,
  year = {1976},
  volume = {65},
  pages = {111},
}

@article{Durand83,
 author = {Richard R. Durand and C. Susana Bencosme 
           and James P. Collman and Fred C. Anson},
 title = {Mechanistic aspects of the catalytic reduction of dioxygen
          by cofacial metalloporphyrins},
 journal=JACS,
 year = 1983,
 volume = 105,
 pages = 2710,
}

@ARTICLE{Edwards71,
  author = {L. Edwards and D. H. Dolphin and Martin Gouterman and A. D. Adler},
  journal = {Journal of Molecular Spectroscopy},
  year = {1971},
  volume = {36},
  pages = {16},
}

@ARTICLE{Ellis90,
  author = {P. E. Ellis and J. E. Lyons},
  title = {Selective Air Oxidation of Light Alkanes Catalyzed by Activated Metalloporphyrins---The
	Search for a Suprabiotic System},
  journal = {Coordination Chemistry},
  year = {1990},
  volume = {105},
  pages = {181},
}

@ARTICLE{Endicott65,
  author = {J. F. Endicott and M. Z. Hoffman},
  title = {Photoreduction of Cobalt({III}) Complexes at 2537 {\AA}},
  journal = JACS,
  year = {1965},
  volume = {87},
  pages = {3348-3357},
}

@INCOLLECTION{Engel03,
  author = {E. Engel},
  title = {Orbital-dependent functional for the exchange-correlation energy:
	a third generation of density functionals},
  booktitle = {A Primer in Density Functional Theory},
  publisher = {Springer-Verlag},
  year = {2003},
  editor = {C. Fiolhais and F. Nogueira and M. Marques},
  pages = {56--122},
  address = {Berlin},
}

@ARTICLE{Epstein26,
  author = {P. S. Epstein},
  journal = PR,
  year = {1926},
  volume = {28},
  pages = {695},
}

@ARTICLE{Eurenius96,
  author = {K. P. Eurenius and David C. Chatfield and Bernard R. Brooks and M.
	Hodoscek},
  title = {Enzyme Mechanisms with Hybrid Quantum and Molecular Mechanical Potentials.
	{I}. Theoretical Considerations},
  journal = {International Journal of Quantum Chemistry},
  year = {1996},
  volume = {60},
  pages = {1189},
}

@ARTICLE{Ferenczy92,
  author = {G. G. Ferenczy and J. L. Rivail and P. R. Surjan and G. Naray-Szabo},
  title = {{NDDO} Fragment Self-Consistent Field Approximation for Large Electronic
	Systems},
  journal = JCC,
  year = {1992},
  volume = {13},
  pages = {830},
}

@article{Fermi27,
 author = {E. Fermi},
 title = {Un metodo statistice per la determinazione di alcune proprieta dell'atomo.},
 journal = {Rend. Acad., Lincei},
 volume = {6},
 pages = {602},
 year = {1927},
}

@BOOK{Fersht85,
  title = {Enzyme Structure and Mechanism},
  publisher = {W. H. Freeman \& Co.},
  year = {1985},
  author = {Alan R. Fersht},
  address = {New York},
}

@ARTICLE{Fersht86,
  author = {Alan R. Fersht and R. J. Leatherbarrow and T. N. C. Wells},
  title = {Quantitative Analysis of Structure-Activity Relationships in Engineered
	Proteins by Linear Free-Energy Relationships},
  journal = {Nature},
  year = {1986},
  volume = {322},
  pages = {284},
}

@ARTICLE{Feuerstein89,
  author = {J. Feuerstein and R. S. Goody and M. R. Webb},
  title = {The Mechanism of Guanosine Nucleotide Hydrolysis by p21 c-Ha-ras.
	The Stereochemical Course of the GTPase Reaction},
  journal = {Journal of Biological Chemistry},
  year = {1989},
  volume = {264},
  pages = {6188-6190},
}

@BOOK{Feynman65,
  title = {The Feynman Lectures on Physics},
  publisher = {Addison-Wesley},
  year = {1965},
  author = {Richard P. Feynman and Robert B. Leighton and Matthew Sands},
}

@ARTICLE{Field90,
  author = {Martin J. Field and Paul A. Bash and Martin Karplus},
  title = {A Combined Quantum Mechanical and Molecular Mechanical Potential
	for Molecular Dynamics Simulations},
  journal = JCC,
  year = {1990},
  volume = {11},
  pages = {700},
}

@ARTICLE{Filatov99,
  author = {M. Filatov and S. Shaik},
  title = {A spin-restricted ensemble-referenced {K}ohn-{S}ham methodology and
	its application to diradicaloid situation},
  journal = CPL,
  year = {1999},
  volume = {304},
  pages = {429-437},
}

@ARTICLE{Fischer92,
  author = {Thomas H. Fischer and Jan Alml{\"o}f},
  title = {General Methods for Geometry and Wave Function Optimization},
  journal = {Journal of Physical Chemistry},
  year = {1992},
  volume = {96},
  pages = {9768},
}

@BOOK{Fletcher80,
  title = {Practical Methods of Optimization},
  publisher = {Wiley},
  year = {1980},
  author = {Roger Fletcher},
  volume = {1},
  address = {New York},
}

@ARTICLE{Florian97,
  author = {Jan Flori{\'a}n and Arieh Warshel},
  title = {\emph{Ab Initio}-Langevin Dipoles Solvation},
  journal = {Journal of Physical Chemistry},
  year = {1997},
}

@ARTICLE{Fois93,
  author = {Ettore S. Fois and James I. Penman and Paul A. Madden},
  title = {Control of the Adiabatic Electronic State in ab initio Molecular
	Dynamics},
  journal = JCP,
  year = {1993},
  volume = {98},
  pages = {6361},
}

@ARTICLE{Ford92,
  author = {G. P. Ford and B. Wang},
  title = {Incorporation of Hydration Effects within the Semiempirical Molecular
	Orbital Framework. AM1 and {MNDO} Results for Neutral Molecules,
	Cations, Anions, and Reacting Systems},
  journal = JACS,
  year = {1992},
  volume = {114},
  pages = {10563},
}

@ARTICLE{Foresman92,
  author = {J. B. Foresman and Martin Head-Gordon and John A. Pople and Michael
	J. Frisch},
  title = {Toward a Systematic Molecular Orbital Theory for Excited States},
  journal = {Journal of Physical Chemistry},
  year = {1992},
  volume = {96},
  pages = {135},
}

@ARTICLE{Fortunelli94,
  author = {A. Fortunelli and J. Tomasi},
  title = {The Implementation of Density Functional Theory within the Polarizable
	Continuum Model.},
  journal = CPL,
  year = {1994},
  volume = {231},
  pages = {34},
}

@ARTICLE{Foster60,
  author = {J. M. Foster and S. F. Boys},
  title = {Canonical Configurational Interaction Procedure},
  journal = {Reviews of Modern Physics},
  year = {1960},
  volume = {32},
  pages = {300},
}

@ARTICLE{Fothergill95,
  author = {Michael J. Fothergill and M. F. Goodman and W. J. Petruska and Arieh
	Warshel},
  title = {Structure-Energy Analysis of the Role of Metal Ions in Phosphodiester
	Bond Hydrolysis by {DNA} Polymerase {I}},
  journal = JACS,
  year = {1995},
  volume = {117},
  pages = {11619},
}

@ARTICLE{Foundling87,
  author = {S. I. Foundling and J. Cooper and F. E. Watson and A. Cleasby and
	L. M. Pearl and B. L. Sibanda and A. Hemmings and S. P. Wood and
	T. L. Blundell and M. J. Valler et al.},
  title = {High Resolution {X}-Ray Analyses of Renin Inhibitor-Aspartic Proteinase
	Complexes},
  journal = {Nature},
  year = {1987},
  volume = {327},
  pages = {349},
}

@ARTICLE{Francl82,
  author = {Michelle M. Francl and William J. Pietro and Warren J. Hehre and
	J. Stephen Binkley and Mark S. Gordon and Douglas J. DeFrees and
	John A. Pople},
  title = {Self-Consistent Molecular Orbital Methods. XXIII. A Polarization-Type
	Basis Set for Second Row Elements},
  journal = JCP,
  year = {1982},
  volume = {77},
  pages = {3654},
}

@ARTICLE{Friendorf96,
  author = {M. Friendorf and Jiali Gao},
  title = {Optimization of the Lennard-Jones parameters for a combined \emph{ab
	initio} {QM}/{MM} potential using the 3-21G basis set.},
  journal = JCC,
  year = {1996},
  volume = {17},
  pages = {386},
}

@ARTICLE{Friesner91,
  author = {Richard A. Friesner},
  title = {New Methods for Electronic Structure Calculations on Large Molecules},
  journal = {Annual Review of Physical Chemistry},
  year = {1991},
  volume = {42},
  pages = {341},
}

@ARTICLE{Friesner88,
  author = {Richard A. Friesner},
  title = {An Automatic Grid Generation Scheme For Pseudospectral Self-Consistent
	Field Calculations on Polyatomic Molecules},
  journal = {Journal of Physical Chemistry},
  year = {1988},
  volume = {92},
  pages = {3091},
}

@ARTICLE{Friesner87,
  author = {Richard A. Friesner},
  title = {Solution of the {Hartree}-{Fock} Equations for Polyatomic Molecules
	by a Pseudospectral Method},
  journal = JCP,
  year = {1987},
  volume = {86},
  pages = {3522},
}

@ARTICLE{Friesner86,
  author = {Richard A. Friesner},
  title = {Solution of the {Hartree}-{Fock} Equations by a Pseudospectral Method:
	Application to Diatomic Molecules},
  journal = JCP,
  year = {1986},
  volume = {85},
  pages = {1462},
}

@ARTICLE{Friesner85,
  author = {Richard A. Friesner},
  title = {Solution of Self-Consistent Field Electronic Structure Equations
	by a Pseudospectral Method},
  journal = CPL,
  year = {1985},
  volume = {116},
  pages = {39},
}

@ARTICLE{Friesner89,
  author = {Richard A. Friesner and Yongdo Won},
  journal = {Biochem. Biophys. Acta},
  year = {1989},
  volume = {19},
  pages = {267},
}

@MANUAL{Frisch92,
  title = {Gaussian 92},
  author = {M. J. Frisch and G. W. Trucks and M. Head-Gordon and P. M. W. Gill
	and M. W. Wong and J. B. Foresman and B. G. Johnson and H. B. Schlegel
	and M. A. Robb and E. S. Replogle and R. Gomperts and J. L. Andres
	and K. Raghavachari and J. S. Binkley and C. Gonzalez and R. L. Martin
	and D. J. Fox and D. J. Defrees and J. Baker and J. J. P. Stewart
	and J. A. Pople},
  address = {Pittsburgh, PA},
  year = {1992},
  publisher = {Gaussian, Inc.},
}

@MANUAL{Frisch90,
  title = {Gaussian 90},
  author = {Michael J. Frisch and Martin Head-Gordon and G. W. Trucks and J.
	B. Foresman and H. B. Schlegel and K. Raghavachari and Michael A.
	Robb and J. S. Binkley and C. Gonzales and D. J. Denfres and D. J.
	Fox and R. A. Whiteside and R. Seeger and Carl F. Melius and J. Baker
	and R. L. Martin and L. R. Kahn and J. J. P. Stewart and S. Topiol
	and John A. Pople},
  address = {Pittsburgh, PA.},
  year = {1990},
  publisher = {Gaussian, Inc.},
}

@MANUAL{Frisch95,
  title = {Gaussian 94},
  author = {Michael J. Frisch and G. W. Trucks and H. B. Schlegel and P. M. W.
	Gill and B. G. Johnson and Michael A. Robb and J. R. Cheeseman and
	T. R. Keith and G. A. Petersson and J. A. Montgomery and K. Raghavachari
	and M. A. Al-Laham and V. G. Zakrzewski and J. V. Ortiz and J. B.
	Foresman and J. Cioslowski and B. B. Stefanov and A. Nanayakkara},
  address = {Pittsburgh},
  year = {1995},
  publisher = {Gaussian, Inc.},
}

@ARTICLE{Stephanopoulos01,
  author = {Q. Fu and A. Weber and M. Flytzani-Stephanopoulos},
  title = {Nanostructured Au-CeO2 Catalysts for water-gas shift},
  journal = {Catalysis Letters},
  year = {2001},
  volume = {77},
  pages = {87-95},
}

@ARTICLE{Gao95,
  author = {Jiali Gao},
  title = {An Automated Procedure for Simulating Chemical Reactions in Solution.
	Application of the Decarboxylation of 3-Carboxybenzisoxazole in Water.},
  journal = JACS,
  year = {1995},
  volume = {117},
  pages = {8600},
}

@ARTICLE{Gao94,
  author = {Jiali Gao},
  title = {Combined {QM}/{MM} Simulation Study of the Claisen Rearrangement
	of Allyl Vinyl Ether in Aqueous Solution},
  journal = JACS,
  year = {1994},
  volume = {116},
  pages = {1563},
}

@ARTICLE{Gao92a,
  author = {Jiali Gao},
  title = {Absolute Free Energy of Solvation From Monte Carlo Simulations Using
	Combined Quantum and Molecular Mechanical Potential},
  journal = {Journal of Physical Chemistry},
  year = {1992},
  volume = {96},
  pages = {537},
}

@ARTICLE{Gao89,
  author = {Jiali Gao and K. Kuczera and B. Tidor and Martin Karplus},
  title = {Hidden Thermodynamics of Mutant Proteins: {A} Molecular Dynamics
	Analysis},
  journal = SCI,
  year = {1989},
  volume = {244},
  pages = {1069},
}

@ARTICLE{Gao93,
  author = {Jiali Gao and F. J. Luque and M. Orozco},
  title = {Induced Dipole Moment and Atomic Charges Based on Average Electrostatic
	Potentials in Aqueous Solution.},
  journal = JCP,
  year = {1993},
  volume = {98},
  pages = {2975},
}

@ARTICLE{Gao92,
  author = {Jiali Gao and X. Xia},
  title = {A Priori Evaluation of Aqueous Polarization Effects through Monte
	Carlo {QM}-{MM} Simulations},
  journal = SCI,
  year = {1992},
  volume = {258},
  pages = {631},
}

@ARTICLE{Garcia93,
  author = {A. Garc\'{i}a and M. L. Cohen},
  journal = {Phys. Rev. B},
  year = {1993},
  volume = {47},
  pages = {6751},
}

@ARTICLE{Gibson95,
  author = {Douglas A. Gibson and Irina V. Ionova and Emily A. Carter},
  title = {A Comparison of Car-Parrinello and Born-Oppenheimer Generalized Valence
	Bond Molecular Dynamics},
  journal = CPL,
  year = {1995},
  volume = {240},
  pages = {261},
}

@ARTICLE{Gill90,
  author = {Peter M. W. Gill and Martin Head-Gordon and John A. Pople},
  title = {Efficient Computation of Two-Electron-Repulsion Integrals and Their
	$n$-th Order Derivatives Using Contracted Gaussian Basis Sets},
  journal = {Journal of Physical Chemistry},
  year = {1990},
  volume = {94},
  pages = {5564},
}

@ARTICLE{Gill89,
  author = {Peter M. W. Gill and Martin Head-Gordon and John A. Pople},
  title = {An Efficient Algorithm for the Generation of Two-Electron Repulsion
	Integrals over Gaussian Basis Functions},
  journal = {International Journal of Quantum Chemistry: Quantum Chemistry Symposia},
  year = {1989},
  volume = {23},
  pages = {269},
}

@ARTICLE{Gillan87,
  author = {M. J. Gillan},
  title = {Quantum-Classical Crossover of the Transition Rate in the Damped
	Double Well},
  journal = {Journal of Physics C: Solid State Physics},
  year = {1987},
  volume = {20},
  pages = {3621},
}

@ARTICLE{Goddard78,
  author = {Goddard, III, W. A. and J. J. Barton and A. Redondoand T. C. McGill},
  journal = {J. Vac. Sci. Tech.},
  year = {1978},
  volume = {15},
  pages = {1274},
}

@ARTICLE{Goddard85,
  author = {Goddard, III, William A.},
  title = {Theory on Equal Footing as Experiment},
  journal = SCI,
  year = {1985},
  volume = {227},
  pages = {917},
}

@MANUAL{Goddard70,
  title = {{MQM} Program Suite},
  author = {Goddard, III, William A.},
  address = {California Institute of Technology},
  year = {1970},
}

@ARTICLE{Goddard68,
  author = {Goddard, III, William A.},
  journal = PR,
  year = {1968},
  volume = {174},
  pages = {659},
}

@ARTICLE{Goedecker95,
  author = {S. Goedecker and M. Teter},
  title = {Tight Binding Electronic Structure Calcultions and Tight Binding
	Molecular Dynamics with Localized Orbitals},
  journal = PRB,
  year = {1995},
  volume = {51},
  pages = {9455},
}

@article{Goedecker03,
 author = {S. Goedecker and G. E. Scuseria},
 title = {Linear scaling electronic structure methods in chemistry and physics.},
 journal = {Computing in Science and Engineering},
 volume = 5,
 pages = 14,
 year = 2003
}

@ARTICLE{Gonze91,
  author = {X. Gonze and R. Stumpf and M. Scheffler},
  journal = PRB,
  year = {1991},
  volume = {44},
  pages = {8503},
}

@ARTICLE{Goodwin98,
  author = {D. G. Goodwin},
  title = {Simulation of Hot-Wire Chemical Vapor Deposition of Hydrogenated
	Amorphous Silicon},
  journal = {Electrochemical Society Proceedinger},
  year = {1998},
  volume = {98-23},
  pages = {227},
}

@ARTICLE{Goodwin02,
  author = {David G. Goodwin and Michael A. Aivazis},
  title = {A Modular, Object-Oriented Software Package for Chemical Kinetics
	and Chemical Thermodynamics},
  journal = {Preprint},
  year = {2002},
}

@ARTICLE{Gordon72,
  author = {R. Gordon and Y. S. Kim},
  title = {Theory for the Forces Between Closed-Shell Atoms and Molecules},
  journal = JCP,
  year = {1972},
  volume = {56},
  pages = {3122},
}

@ARTICLE{Gorling96,
  author = {Andreas G\"{o}rling},
  title = {Exact treatment of exchange in {K}ohn-{S}ham band-structure schemes},
  journal = PRB,
  year = {1996},
  volume = {53},
  pages = {7024},
}

@ARTICLE{Gorling92,
  author = {Andreas G\"{o}rling},
  title = {{K}ohn-{S}ham Potentials and Wave Functions from Electron Densities},
  journal = PRA,
  year = {1992},
  volume = {46},
  pages = {3753},
}

@ARTICLE{Gorling94,
  author = {Andreas G\"{o}rling and Mel Levy},
  title = {Exact {K}ohn-{S}ham Scheme Based on Perturbation Theory},
  journal = PRA,
  year = {1994},
  volume = {54},
  pages = {196},
}

@ARTICLE{Gorling93,
  author = {Andreas G\"{o}rling and Mel Levy},
  title = {Corrlelation-energy functional and its high-density limit obtained
	from a coupling-constant perturbation expansion},
  journal = PRB,
  year = {1993},
  volume = {47},
  pages = {13105},
}

@ARTICLE{Gottfried91,
  author = {D. S. Gottfried and M. A. Steffen and Steven G. Boxer},
  journal = SCI,
  year = {1991},
  volume = {251},
  pages = {662},
}

@BOOK{Gottlieb77,
  title = {Numerical Analysis of Spectral Methods; Theory and Application},
  publisher = {SIAM},
  year = {1977},
  author = {D. Gottlieb and S. A. Orszag},
  address = {Philadelphia},
}

@ARTICLE{Gould90,
  author = {R. M. Gould and B. V. Plapp},
  title = {Substitution of Arginine for Histidine-47 in the Coenzyme Binding
	Site of Yeast Alcohol Dehydrogenase {I}},
  journal = {Biochemistry},
  year = {1990},
  volume = {29},
  pages = {5463},
}

@INCOLLECTION{Gouterman78,
  author = {Martin Gouterman},
  title = {Optical Spectra and Electronic Structure of Porphyrins and Related
	Rings},
  booktitle = {The Porphyrins},
  publisher = {Academic Press},
  year = {1978},
  editor = {David Dolphin},
  volume = {3},
  pages = {1},
  address = {New York},
}

@ARTICLE{Gouterman61,
  author = {Martin Gouterman},
  title = {Spectra of Porphyrins},
  journal = {Journal of Molecular Spectroscopy},
  year = {1961},
  volume = {6},
  pages = {138},
}

@ARTICLE{Gouterman59,
  author = {Martin Gouterman},
  title = {Study of the Effects of Substitution on the Adsorption Spectra of
	Porphin},
  journal = JCP,
  year = {1959},
  volume = {30},
  pages = {1139},
}

@ARTICLE{Grabowski02,
  author = {Ireneusz Grabowski and So Hirata and Stanislav Ivanov and Rodney
	J. Bartlett},
  title = {Ab initio density functional theory: {OEP}-{MBPT}(2). A new orbital-dependent
	correlation functional},
  journal = JCP,
  year = {2002},
  volume = {116},
  pages = {4415},
}

@ARTICLE{Grafenstein00,
  author = {J. Grafenstein and D. Cremer},
  title = {The Combination of Density Functional Theory with Multi-Configuration
	Methods---CAS-DFT},
  journal = CPL,
  year = {2000},
  volume = {316},
  pages = {569-577},
}

@ARTICLE{Grafenstein98,
  author = {J. Grafenstein and E. Kraka and D. Cremer },
  title = {Density functional theory for open-shell singlet biradicals},
  journal = CPL,
  year = {1998},
  volume = {288},
  pages = {593-602},
}

@ARTICLE{Greeley94,
  author = {Burnham H. Greeley and Thomas V. Russo and Daniel T. Mainz and Richard
	A. Friesner and Goddard~III, William A. and Donnelly,~Jr., Robert
	E. and Murco N. Ringnalda},
  title = {New Pseudospectral Algorithms for Electronic Structure Calculations:
	Length-Scale Separation and Analytical Two-Electron Integral Calculations},
  journal = JCP,
  year = {1994},
  volume = {101},
  pages = {4028},
}

@ARTICLE{Grev89,
  author = {Roger S. Grev and Schaefer~III, Henry F.},
  title = {6-311G is not of Valence Triple-Zeta Quality},
  journal = JCP,
  year = {1989},
  volume = {91},
  pages = {7305},
}



@MANUAL{GRIMech3,
  title = 	 {GRI-Mech 3.0. },
  author = 	 {Gregory P. Smith and David M. Golden and Michael
                  Frenklach and Nigel W. Moriarty and Boris Eiteneer
                  and Mikhail Goldenberg and C. Thomas Bowman and
                  Ronald K. Hanson and Soonho Song and William C.
                  Gardiner and Jr. and Vitali V. Lissianski and Zhiwei
                  Qin},
  note = {{http://www.me.berkeley.edu/gri\_mech}},
  publisher = {University of California, Berkeley},
  year = {1999},
}

@UNPUBLISHED{Grunthaner00,
  author = {F. Grunthaner and P. Grunthaner},
  note = {Private Communication},
}

@ARTICLE{Guo94,
  author = {Hong Guo and Martin Karplus},
  title = {Solvent Influence on the Stability of the Peptide Hydrogen Bond:
	A Supramolecular Cooperative Effect},
  journal = {Journal of Physical Chemistry},
  year = {1994},
  volume = {98},
  pages = {7104},
}

@ARTICLE{Guthrie77,
  author = {J. P. Guthrie},
  title = {Hydration and Dehydration of Phosphoric Acid Derivatives: Free Energies
	of Formation of the Pentacoordinate Intermediates for Phosphate Ester
	Hydrolysis},
  journal = JACS,
  year = {1977},
  volume = {99},
  pages = {3991},
}

@ARTICLE{Halgren96,
  author = {Thomas A. Halgren},
  title = {Merck Molecular Force Field. I. Basis, Form, Scope, Parameterization,
	and Performance of MMFF94},
  journal = JCC,
  year = {1996},
  volume = {17},
  pages = {490},
}

@ARTICLE{Halgren96a,
  author = {Thomas A. Halgren},
  title = {Merck Molecular Force Field. II. MMFF94 van der Waals and Electrostatic
	Parameters for Intermolecular Interactions},
  journal = JCC,
  year = {1996},
  volume = {17},
  pages = {520},
}

@ARTICLE{Halgren96b,
  author = {Thomas A. Halgren},
  title = {Merck Molecular Force Field. III. Molecular Geometries and Vibrational
	Frequencies for MMFF94},
  journal = JCC,
  year = {1996},
  volume = {17},
  pages = {553},
}

@ARTICLE{Halgren96d,
  author = {Thomas A. Halgren},
  title = {Merck Molecular Force Field. V. Extension of MMFF94 Using Experimental
	Data, Additional Computational Data, and Empirical Rules},
  journal = JCC,
  year = {1996},
  volume = {17},
  pages = {616},
}

@ARTICLE{Halgren96c,
  author = {Thomas A. Halgren and Robert B. Nachbar},
  title = {Merck Molecular Force Field. IV. Conformational Energies and Geometries
	for MMFF94},
  journal = JCC,
  year = {1996},
  volume = {17},
  pages = {587},
}

@ARTICLE{Hall51,
  author = {G. G. Hall},
  journal = {Proceeding of the Royal Society of London},
  year = {1951},
  volume = {208},
  pages = {328},
}

@ARTICLE{Hall95,
  author = {R. J. Hall and M. M. Davidson and N. A. Burton and I. H. Hillier},
  title = {Combined density functional, self-consistent reaction field model
	of solvation.},
  journal = {Journal of Physical Chemistry},
  year = {1995},
  volume = {99},
  pages = {921},
}

@ARTICLE{Hamann89,
  author = {D. R. Hamann},
  title = {Generalized Norm-Conserving Pseudopotentials},
  journal = PRB,
  year = {1989},
  volume = {40},
  pages = {2980},
}

@ARTICLE{Hamann79,
  author = {D. R. Hamann and M. Schl\"{u}tter and C. Chiang},
  title = {Norm-Conserving Pseudopotentials},
  journal = PRL,
  year = {1979},
  volume = {43},
  pages = {1494},
}

@ARTICLE{Hamilton86,
  author = {Tracy P. Hamilton and Peter Pulay},
  title = {Direct Inversion in the Iterative Subspace ({DIIS}) Optimization
	of Open-Shell, Excited-State, and Small Multiconfiguration {SCF}
	Wave Functions},
  journal = JCP,
  year = {1986},
  volume = {84},
  pages = {5728},
}

@ARTICLE{Hammes94,
  author = {Sharon Hammes-Schiffer and Hans C. Andersen},
  title = {A New Formation of the Hartree-Fock-Roothaan Method for Electronic
	Structure Calculations on Crystals},
  journal = JCP,
  year = {1994},
  volume = {101},
  pages = {375},
}

@ARTICLE{Hammes93,
  author = {Sharon Hammes-Schiffer and Hans C. Andersen},
  title = {The Advantages of the General Hartree-Fock Method for Future Computer
	Simulation of Materials},
  journal = JCP,
  year = {1993},
  volume = {99},
  pages = {523},
}

@ARTICLE{Hammes93a,
  author = {Sharon Hammes-Schiffer and Hans C. Andersen},
  title = {Ab Initio and Semiempirical Methods for Molecular Dynamics Simulations
	Based on General Hartree-Fock Theory},
  journal = JCP,
  year = {1993},
  volume = {99},
  pages = {1901},
}

@BOOK{Hammond84,
  title = {Monte Carlo Methods in \emph{Ab Initio} Quantum Chemistry},
  publisher = {World Scientific},
  year = {1984},
  author = {B. L. Hammond and William A. Lester and P. J. Reynolds},
  address = {Singapore},
}

@ARTICLE{Harbury93,
  author = {P. B. Harbury and T. Zhang and P. S. Kim and T. Alber},
  title = {A Switch between Two-, Three-, and Four-Stranded Coiled Coils in
	GCN4 Leucine Zipper Mutants},
  journal = SCI,
  year = {1993},
  volume = {262},
  pages = {1401-1407},
}

@ARTICLE{Harding76,
  author = {Larry B. Harding and Goddard, III, William A.},
  title = {\emph{Ab Initio} Studies on Singlet--Triplet Splitting of Methylene
	({CH}$_2$)},
  journal = JCP,
  year = {1976},
  volume = {67},
  pages = {1777},
}

@ARTICLE{Harmark92,
  author = {K. Harmark and P. H. Anborgh and M. Merola and B. F. Clarke},
  title = {Substitution of Aspartic Acid-80, a Residue Involved in Coordination
	of Magnesium, Weakens the {GTP} Binding and Strongly Enhances the
	GTPase of the {G} Domain of Elongation Factor Tu},
  journal = {Biochemistry},
  year = {1992},
  volume = {31},
  pages = {7367-7372},
}

@ARTICLE{Harris85,
  author = {J. Harris},
  title = {Simplified Method for Calculating the Energy of Weakly Interacting
	Fragments},
  journal = PRB,
  year = {1985},
  volume = {31},
  pages = {1770},
}

@BOOK{Harrison80,
  title = {Electronic Structure and the Properties of Solids: The Physics of
	the Chemical Bond},
  publisher = {Dover},
  year = {1989},
  author = {Walter A. Harrison},
  address = {New York},
}

@ARTICLE{Hartke92,
  author = {Bernd Hartke and Emily A. Carter},
  title = {Ab Initio Molecular Dynamics with Correlated Molecular Wave Functions:
	Generalized Valence Bond Molecular Dynamics and Simulated Annealing},
  journal = JCP,
  year = {1992},
  volume = {97},
  pages = {6569},
}

@ARTICLE{Hartke92a,
  author = {Bernd Hartke and Emily A. Carter},
  title = {Spin Eigenstate-Dependent Hartree-Fock Molecular Dynamics},
  journal = CPL,
  year = {1992},
  volume = {189},
  pages = {358},
}

@ARTICLE{Hay72,
  author = {P. J. Hay and W. J. Hunt and Goddard, III, William A.},
  title = {Generalized Valence Bond Wavefunctions for the Low Lying States of
	Methylene},
  journal = CPL,
  year = {1972},
  volume = {13},
  pages = {4360},
}

@ARTICLE{Hay85,
  author = {P. J. Hay and W. R. Wadt},
  title = {\emph{Ab Initio} Effective Core Potentials for Molecular Calculations---Potentials
	for the Transition-Metal Atoms {Sc} to {Hg}},
  journal = JCP,
  year = {1985},
  pages = {270},
}

@ARTICLE{Hay85a,
  author = {P. Jeffrey Hay and Willard R. Wadt},
  title = {Ab Initio Effective Core Potentials for Molecular Calculations. Potentials
	for K to Au Including the Outermost Core Orbitals},
  journal = JCP,
  year = {1985},
  volume = {82},
  pages = {299},
}

@ARTICLE{Hayes78,
  author = {D. M. Hayes and G. L. Kenyon and Peter A. Kollman},
  title = {Theoretical Calculations of the Hydrolysis Energies of some 'High
	Energy' Molecules. 2. {A} Survey of some Biologically Important Hydrolytic
	Reactions},
  journal = JACS,
  year = {1978},
  volume = {100},
  pages = {4331},
}

@ARTICLE{Head96,
  author = {Martin Head-Gordon},
  title = {Quantum Chemistry and Molecular Processes},
  journal = {Journal of Physical Chemistry},
  year = {1996},
  volume = {100},
  pages = {13213},
}

@ARTICLE{Head88,
  author = {Martin Head-Gordon and John A. Pople},
  title = {Optimization of Wave Function and Geometry in the Finite Basis Hartree-Fock
	Method},
  journal = {Journal of Physical Chemistry},
  year = {1988},
  volume = {92},
  pages = {3063},
}

@ARTICLE{Head88a,
  author = {Martin Head-Gordon and John A. Pople},
  title = {A Method for Two-Electron Gaussian Integral and Integral Derivative
	Evaluation using Recurrence Relations},
  journal = JCP,
  year = {1988},
  volume = {89},
  pages = {5777},
}

@ARTICLE{Head89a,
  author = {Martin Head-Gordon and John A. Pople and Michael J. Frisch},
  title = {Quadratically Convergent Simultaneous Optimization of Wavefunction
	and Geometry},
  journal = {International Journal of Quantum Chemistry: Quantum Chemistry Symposia},
  year = {1989},
  volume = {23},
  pages = {291},
}

@ARTICLE{Head89,
  author = {Teresa Head-Gordon and Martin Head-Gordon and Michael J. Frisch and
	Charles {Brooks III} and John Pople},
  title = {A Theoretical Study of Alanine Dipeptide and Analogs},
  journal = {International Journal of Quantum Chemistry: Quantum Biology Symposia},
  year = {1989},
  volume = {16},
  pages = {311},
}

@ARTICLE{Head91,
  author = {Teresa Head-Gordon and Martin Head-Gordon and Michael J. Frisch and
	Charles L. {Brooks III} and John A. Pople},
  title = {Theoretical Study of Blocked Glycine and Alanine Peptide Analogues},
  journal = JACS,
  year = {1991},
  volume = {113},
  pages = {5989},
}

@ARTICLE{Hedin65,
  author = {L. Hedin},
  title = {New Method for Calculating the One-Particle Green's Function with
	Application to the Electron Gas Problem},
  journal = PRA,
  year = {1965},
  volume = {139},
  pages = {796-823},
}

@ARTICLE{Hehre72,
  author = {Warren J. Hehre and R. Ditchfield and John A. Pople},
  title = {Self-Consistent Molecular Orbital Methods. XII. Further Extensions
	of Gaussian-Type Basis Sets for Use in Molecular Orbital Studies
	of Organic Molecules},
  journal = JCP,
  year = {1972},
  volume = {56},
  pages = {2257},
}

@Article{Heroux05,
title = {An Overview of the {T}rilinos Project},
author = {Michael A. Heroux and Roscoe A. Bartlett and Vicki E. Howle
                  and Robert J. Hoekstra and Jonathan J. Hu and Tamara
                  G. Kolda and Richard B. Lehoucq and Kevin R. Long
                  and Roger P. Pawlowski and Eric T. Phipps and Andrew
                  G. Salinger and Heidi K. Thornquist and Ray S.
                  Tuminaro and James M. Willenbring and Alan Williams
                  and Kendall S. Stanley}, 
journal = {{ACM} Transactions on Mathematical Software},
volume = 31,
pages = 397,
year = 2005,
} 

@ARTICLE{Herschlag89,
  author = {D. Herschlag and W. P. Jencks},
  title = {Evidence that Metaphosphate Monoanion is not an Intermediate in Solvolysis
	Reactions in Aqueous Solution},
  journal = JACS,
  year = {1989},
  volume = {111},
  pages = {7579},
}

@ARTICLE{Hirata05,
  author = {So Hirata and Stanislav Ivanov and Rodney J. Bartlett and Ireneusz
	Grabowski},
  title = {Exact-exchange time-dependent density-functional theory for static
	and dynamic polarizabilities},
  journal = PRA,
  year = {2005},
  volume = {71},
  pages = {032507},
  timestamp = {2006.01.27},
}

@UNPUBLISHED{Ho00,
  author = {W. Ho},
  note = {Private Communication},
}

@ARTICLE{Hohenberg64,
  author = {P. Hohenberg and Walter Kohn},
  title = {Inhomogeneous Electron Gas},
  journal = PR,
  year = {1964},
  volume = {136},
  pages = {B864},
}

@ARTICLE{Honig93,
  author = {Bary Honig and Kim Sharp and A. S. Yang},
  title = {Macroscopic Models of Aqueous Solutions: Biological and Chemical
	Applications},
  journal = {Journal of Physical Chemistry},
  year = {1993},
  volume = {97},
  pages = {1101},
}

@ARTICLE{Howard88,
  author = {A. E. Howard and Peter A. Kollman},
  title = {{OH}- versus {SH}- Nucleophilic Attack on Amides: Dramatically Different
	Gas-Phase and Solvation Energetics},
  journal = JACS,
  year = {1988},
  volume = {110},
  pages = {7195},
}

@PHDTHESIS{Hua96,
  author = {Xinlei Hua},
  school = {California Institute of Technology},
  year = {1996},
}

@ARTICLE{Humphreys94,
  author = {Darryl D. Humphreys and Richard A. Friesner and Bruce J. Berne},
  title = {A Multiple-Time-Step Molecular Dynamics Algorithm for Macromolecules},
  journal = {Journal of Physical Chemistry},
  year = {1994},
  volume = {98},
  pages = {6885},
}

@ARTICLE{Hunt69,
  author = {W. J. Hunt and Goddard, III, William A.},
  title = {Excited States of {H}$_2${0} Using Improved Virtual Orbitals},
  journal = CPL,
  year = {1969},
  volume = {3},
  pages = {414},
}

@ARTICLE{Hunt70,
  author = {W. J. Hunt and Goddard, III, William A. and Thomas H. Dunning},
  title = {The Incorporation of Quadratic Convergence Into Open-Shell Self-Consistent
	Field Equations},
  journal = CPL,
  year = {1970},
  volume = {6},
  pages = {147},
}

@ARTICLE{Huzinaga65,
  author = {Sigeru Huzinaga},
  title = {Gaussian-Type Functions for Polyatomic Systems. I.},
  journal = JCP,
  year = {1965},
  volume = {42},
  pages = {1293},
}

@ARTICLE{Hwang91,
  author = {Jenn K. Hwang and Zen T. Chu and Arieh Warshel},
  title = {Simulations of Quantum Mechanical Corrections for Rate Constants
	of Hydride Transfer Reactions in Enzymes and Solutions},
  journal = {Journal of Physical Chemistry},
  year = {1991},
  volume = {95},
  pages = {8445},
}

@ARTICLE{Hwang88,
  author = {Jenn K. Hwang and Gregory King and Stephen Creighton and Arieh Warshel},
  title = {Simulation of Free Energy Relationships and Dynamics of Sn2 Reactions
	in Aqueous Solution.},
  journal = JACS,
  year = {1988},
  volume = {110},
  pages = {5297},
}

@ARTICLE{Hwang93,
  author = {Jenn K. Hwang and Arieh Warshel},
  title = {A Quantized Classical Path Approach for Calculations of Quantum Mechanical
	Rate Constants},
  journal = {Journal of Physical Chemistry},
  year = {1993},
  volume = {97},
  pages = {10053},
}

@ARTICLE{Hwang88a,
  author = {Jenn K. Hwang and Arieh Warshel},
  title = {Why Ion Pair Reversal by Protein Engineering is Unlikely to Succeed},
  journal = {Nature},
  year = {1988},
  volume = {334},
  pages = {270},
}

@ARTICLE{Hwang87,
  author = {Jenn K. Hwang and Arieh Warshel},
  title = {Microscopic Examination of Free Energy Relationships for Electron
	Transfer in Polar Solvents},
  journal = JACS,
  year = {1987},
  volume = {109},
  pages = {715},
}

@ARTICLE{Hwang87a,
  author = {Jenn K. Hwang and Arieh Warshel},
  title = {Semiquantitative Calculations of Catalytic Free Energies in Genetically
	Modified Enzymes},
  journal = {Biochemistry},
  year = {1987},
  volume = {26},
  pages = {2669},
}

@ARTICLE{Iczkowski61,
  author = {R. P. Iczkowski and J. L. Margrave},
  title = {Electronegativity},
  journal = JACS,
  year = {1961},
  volume = {83},
  pages = {3547},
}

@ARTICLE{Ionova95,
  author = {Irina V. Ionova and Emily A. Carter},
  title = {Orbital-Based Direct Inversion in the Iterative Subspace for the
	Generalized Valence Bond Method},
  journal = JCP,
  year = {1995},
  volume = {102},
  pages = {1251},
}

@ARTICLE{Ionova93,
  author = {Irina V. Ionova and Emily A. Carter},
  title = {Ridge Method for Finding Saddle Points on Potential Energy Surfaces},
  journal = JCP,
  year = {1993},
  volume = {98},
  pages = {6377},
}

@ARTICLE{Isied82,
  author = {S. S. Isied and A. Vassilian and J. M. Lyon},
  title = {Peptide Formation in the Presence of a Metal Ion Protecting Group.4.
	Synthesis of Penta- Hexapeptide Sequences with the Pentaaminecobalt({III})
	Complex},
  journal = JACS,
  year = {1982},
  volume = {104},
  pages = {3910-3916},
}

@ARTICLE{James82,
  author = {M. N. James and A. Sielecki and F. Salituro and D. H. Rich and T.
	Hofmann},
  title = {Conformational Flexibility in the Active Sites of Aspartyl Proteinases
	Revealed by a Pepstatin Fragment Binding to Penicillopepsin},
  journal = PNAS,
  year = {1982},
  volume = {79},
  pages = {6137},
}

@ARTICLE{Jensen94,
  author = {G. M. Jensen and Arieh Warshel Phillip J. Stephens},
  title = {Calculation of the Redox Potentials of Iron-Sulfur Proteins: The
	2-/3- Couple of [Fe4S4*Cys4] Clusters in Peptococcus aerogenes Ferredoxin,
	Azotobacter vinelandii Ferredoxin {I}, and Chromatium vinosum High-Potential
	Iron Protein},
  journal = {Biochemistry},
  year = {1994},
  volume = {33},
  pages = {10911},
}

@ARTICLE{Johnson93,
  author = {Benny G. Johnson and Peter M. W. Gill and John A. Pople},
  title = {The Performance of a Family of Density Functional Methods},
  journal = JCP,
  year = {1993},
  volume = {98},
  pages = {5612},
}

@ARTICLE{Johnson81,
  author = {F. A. Johnson and S. D. Lewis and J. A. Shafer},
  title = {Perturbations in the Free Energy and Enthalpy of Ionization of Histidine-159
	at the Active Site of Papain as Determined by Fluorescence Spectroscopy},
  journal = {Biochemistry},
  year = {1981},
  volume = {20},
  pages = {52},
}

@ARTICLE{Jorgensen82,
  author = {William L. Jorgensen},
  title = {Revised TIPS for Simulations of Liquid Water and Aqueous Solutions},
  journal = JCP,
  year = {1982},
  volume = {77},
  pages = {4156},
}

@ARTICLE{Jorgensen81,
  author = {William L. Jorgensen},
  title = {Transferable intermolecular potential functions for water, alcohols,
	and ethers. Application to liquid water.},
  journal = JACS,
  year = {1981},
  volume = {103},
  pages = {335},
}

@ARTICLE{Jorgensen78,
  author = {William L. Jorgensen},
  journal = JACS,
  year = {1978},
  volume = {78},
  pages = {1057},
}

@ARTICLE{Jorgensen83,
  author = {William L. Jorgensen and Jayaraman Chandrasekhar and Jeffry D. Madura
	and Roger W. Impey and Michael L. Klein},
  title = {Comparison of Simple Potential Functions for Simulating Liquid Water},
  journal = JCP,
  year = {1983},
  volume = {79},
  pages = {926},
}

@ARTICLE{Jorgensen88,
  author = {William L. Jorgensen and Jiali Gao},
  title = {Cis-Trans Energy Difference for the Peptide Bond in the Gas Phase
	and in Aqueous Solution},
  journal = JACS,
  year = {1988},
  volume = {110},
  pages = {4212},
}

@ARTICLE{Jorgensen85,
  author = {William L. Jorgensen and C. Ravimohan},
  title = {Monte Carlo Simulation of Differences in Free Energies of Hydration},
  journal = JCP,
  year = {1985},
  volume = {83},
  pages = {3050},
}

@ARTICLE{Jorgensen88a,
  author = {William L. Jorgensen and Julian Tirado-Rives},
  title = {The OPLS Potential Functions for Proteins. Energy Minimizations for
	Crystals of Cyclic Peptides and Crambin},
  journal = JACS,
  year = {1988},
  volume = {110},
  pages = {1657},
}

@ARTICLE{Judice93,
  author = {J. K. Judice and T. R. Gamble and E. C. Murphy and A. M. de Vos and
	P. G. Schultz},
  title = {Probing the Mechanism of Staphylococcal Nuclease With Unnatural Amino
	Acids: Kinetic and Structural Studies},
  journal = SCI,
  year = {1993},
  volume = {261},
  pages = {1578},
}

@ARTICLE{Kabsch77,
  author = {W. Kabsch and W. H. Gast and G. E. Schulz and R. Leberman},
  title = {{EF}-Tu Structure},
  journal = {Journal of Molecular Biology},
  year = {1977},
  volume = {117},
  pages = {999},
}

@ARTICLE{Kahn72,
  author = {L. R. Kahn and Goddard, III, William A.},
  journal = JCP,
  year = {1972},
  volume = {56},
  pages = {2685},
}

@ARTICLE{Kahn68,
  author = {L. R. Kahn and Goddard, III, William A.},
  journal = CPL,
  year = {1968},
  volume = {2},
  pages = {667},
}

@ARTICLE{Kaminski94,
  author = {George Kaminski and Erin M. Duffy and Tooru Matsui and William L.
	Jorgensen},
  title = {Free Energies of Hydration and Pure Liquid Properties of Hydrocarbons
	from the OPLS All-Atom Model},
  journal = {Journal of Physical Chemistry},
  year = {1994},
  volume = {98},
  pages = {13077},
}

@ARTICLE{Karelson92,
  author = {M. M. Karelson and Michael C. Zerner},
  title = {Theoretical Treatment of Solvent Effects on Electronic Spectroscopy},
  journal = {Journal of Physical Chemistry},
  year = {1992},
  volume = {96},
  pages = {6949},
}

@ARTICLE{Katritzky86,
  author = {A. R. Katritzky and Michael C. Zerner and M. M. Karelson},
  title = {A Quantitative Assessment of the Merostabilzation Energy of Carbon-Centered
	Radicals},
  journal = JACS,
  year = {1986},
  volume = {108},
  pages = {7213},
}

@ARTICLE{Kendall92,
  author = {Kendall, {R.A.} and Dunning, {T.H.} and Harrison, {R.J.}},
  title = {Electron-Affinities of the 1st-Row atoms Revisited - Systematic Basis-Sets
	and Wave-Functions},
  journal = JCP,
  year = {1992},
  volume = {96},
  pages = {6796--6806},
  number = {9},
}

@ARTICLE{Kenney95,
  author = {C. S. Kenney and A. J. Laub},
  title = {The Matrix Sign Function},
  journal = {{IEEE} transactions on Automatic Computing},
  year = {1995},
  volume = {40},
  pages = {1330},
  number = {8},
}

@ARTICLE{Kilmartin80,
  author = {J. V. Kilmartin and J. H. Fogg and M. F. Perutz},
  title = {Role of {C}-terminal Histidine in the Alkaline Bohr Effect of Human
	Hemoglobin},
  journal = {Biochemistry},
  year = {1980},
  volume = {19},
  pages = {3189},
}

@ARTICLE{Kim91,
  author = {E. E. Kim and H. W. Wyckoff},
  title = {Reaction mechanism of alkaline phosphatase based on crystal structures:
	Two metal ion catalysis},
  journal = {Journal of Molecular Biology},
  year = {1991},
  volume = {218},
  pages = {449},
}

@ARTICLE{Kim92,
  author = {H. J. Kim and J. T. Hynes},
  journal = JACS,
  year = {1992},
  volume = {114},
  pages = {10508},
}

@ARTICLE{Kim90,
  author = {H. J. Kim and J. T. Hynes},
  title = {Equilibrium and nonequilibrium solvation and solute electronic structure.},
  journal = {International Journal of Quantum Chemistry: Quantum Chemistry Symposia},
  year = {1990},
  volume = {24},
  pages = {821},
}

@ARTICLE{King91,
  author = {Gregory King and Fred S. Lee and Arieh Warshel},
  title = {Microscopic Simulations of Macroscopic Dielectric Constants of Solvated
	Proteins},
  journal = JCP,
  year = {1991},
  volume = {95},
  pages = {4366},
}

@ARTICLE{King90,
  author = {Gregory King and Arieh Warshel},
  title = {Investigation of the free energy functions for electron transfer
	reactions},
  journal = JCP,
  year = {1990},
  volume = {93},
  pages = {8682},
}

@ARTICLE{King90a,
  author = {Gregory King and Arieh Warshel},
  title = {Investigation of the Free Energy Functions for Electron Transfer
	Reactions},
  journal = JCP,
  year = {1990},
  volume = {93},
  pages = {8682},
}

@ARTICLE{King89,
  author = {Gregory King and Arieh Warshel},
  title = {A Surface Constrained All-Atom Solvent Model for Effective Simulations
	of Polar Solutions},
  journal = JCP,
  year = {1989},
  volume = {91},
  pages = {3647},
}

@ARTICLE{King89a,
  author = {Gregory King and Arieh Warshel},
  title = {A surface constrained all-atom solvent modem for effective simulations
	of polar solutions},
  journal = JCP,
  year = {1989},
  volume = {91},
  pages = {3647},
}

@ARTICLE{Kirkpatrick83,
  author = {S. Kirkpatrick and Gelatt,~Jr., C. D. and M. P. Vecchi},
  title = {Optimization by Simulated Annealing},
  journal = SCI,
  year = {1983},
  volume = {220},
  pages = {671},
}

@ARTICLE{Kirkwood39,
  author = {J. G. Kirkwood},
  title = {Reaction field model},
  journal = JCP,
  year = {1939},
  volume = {7},
  pages = {911},
}

@ARTICLE{Kistemacher74,
  author = {H. Kistemacher and H. Popkie and E. Clementi},
  title = {Study of the structure of molecular complexes. {VIII}. Small clusters
	of water molecules surrounding Li+, Na+, {K}+, {F}-, and Cl- ions.},
  journal = JCP,
  year = {1974},
  volume = {61},
  pages = {799},
}

@BOOK{Kittel53,
  title = {Introduction to Solid State Physics},
  publisher = {John Wiley and Sons, Inc.},
  year = {1996},
  author = {Charles Kittel},
  address = {New York},
  edition = {7},
}

@ARTICLE{Kleinman82,
  author = {L. Kleinman and D. M. Bylander},
  journal = PRL,
  year = {1985},
  volume = {20},
  pages = {1425},
}

@ARTICLE{Klingenberg58,
  author = {M. Klingenberg},
  journal = {Archives of Biochemistry and Biophysics},
  year = {1958},
  volume = {75},
  pages = {396},
}

@ARTICLE{Kogo93,
  author = {N. Koga and K. Morokuma},
  title = {Si--H, Si--Si, and C--H Bond Activation by Coordinatively Unsaturated
	RhCl(PH${}_3$)${}_2$---Ab-Initio Molecular-Orbital Study},
  journal = JACS,
  year = {1993},
  volume = {N15},
}

@ARTICLE{Kogo91,
  author = {N. Koga and K. Morokuma},
  title = {Ab Initio Molecular Orbital Studies of Catalytic Elementary Reactions
	and Catalytic Cycles of Transition-Metal Complexes},
  journal = {Chemical Review},
  year = {1991},
  volume = {91},
  pages = {823},
}

@ARTICLE{Kohn96,
  author = {Walter Kohn},
  title = {Density functional and density matrix method scaling linearly with
	the number of atoms},
  journal = PRL,
  year = {1996},
  volume = {76},
  pages = {3168--3171},
  number = {17},
}

@ARTICLE{Kohn65,
  author = {Walter Kohn and L. J. Sham},
  title = {Self-consistent equations including exchange and correlation effects},
  journal = PR,
  year = {1965},
  volume = {140},
  pages = {A1133},
}

@ARTICLE{Kollman93,
  author = {Peter A. Kollman},
  title = {Free Energy Calculations: Applications to Chemical and Biochemical
	Phenomena},
  journal = {Chemical Review},
  year = {1993},
  volume = {93},
  pages = {2395},
}

@ARTICLE{Kollman81,
  author = {Peter A. Kollman and D. M. Hayes},
  journal = JACS,
  year = {1981},
  volume = {103},
  pages = {2955},
}

@ARTICLE{Kollman90,
  author = {Peter A. Kollman and Merz, Jr., Kenneth M.},
  title = {Computer Modeling of the Interactions of Complex Molecules},
  journal = {Accounts of Chemical Research},
  year = {1990},
  volume = {23},
  pages = {246},
}

@ARTICLE{Komornicki77,
  author = {Andrew Komornicki and Kazuhiro Ishida and Keiji Morokuma and Robert
	Ditchfield and Morgan Conrad},
  title = {Efficient Determination and Characterization of Transition States
	Using Ab-Initio Methods},
  journal = CPL,
  year = {1977},
  volume = {45},
  pages = {595},
}

@ARTICLE{Kong86,
  author = {Y. S. Kong and M. S. Jhon},
  title = {Solvent Effects on Sn2 Reactions},
  journal = {Theoretica Chimica Acta},
  year = {1986},
  volume = {70},
  pages = {123},
}

@ARTICLE{Kong95,
  author = {Y. S. Kong and Arieh Warshel},
  title = {Linear Free Energy Relationships with Quantum Mechanical Corrections:
	Classical and Quantum Mechanical Rate Constants for Hydride Transfer
	Between {NAD}+ Analogues in Solutions},
  journal = JACS,
  year = {1995},
  volume = {117},
  pages = {6234},
}

@ARTICLE{Koseki92,
  author = {Koseki, S. and Gordon, {M.S.} and Schmidt, {M.W.}},
  title = {Theoretical Investigation of the Dissociation of Bridged Disilyne},
  journal = CPL,
  year = {1992},
  volume = {200},
  pages = {303--310},
  number = {3},
}

@ARTICLE{Kosloff83,
  author = {D. Kosloff and R. Kosloff},
  journal = {Journal of Computational Physics},
  year = {1983},
  volume = {52},
  pages = {35},
}

@ARTICLE{Kosloff85,
  author = {R. Kosloff},
  journal = {Journal of Physical Chemistry},
  year = {1983},
  volume = {92},
  pages = {2087},
}

@ARTICLE{Krauss93,
  author = {M. Krauss and D. R. Garmer},
  title = {Assignment of the Spectra of Protein Radicals in Cytochrome {C} Peroxidase},
  journal = {Journal of Physical Chemistry},
  year = {1993},
  volume = {97},
  pages = {831},
}

@ARTICLE{Krauss91,
  author = {M. Krauss and D. R. Garmer},
  title = {Active Site Ionicity and the Mechanism of Carbonic Anhydrase},
  journal = JACS,
  year = {1991},
  volume = {113},
  pages = {6426},
}

@ARTICLE{Kraut77,
  author = {J. Kraut},
  journal = {Annual Review of Biochemistry},
  year = {1977},
  volume = {46},
  pages = {331},
}

@ARTICLE{Kreevoy90,
  author = {M. M. Kreevoy and A. T. Kotchevar},
  title = {Dynamics of Hydride Transfer Between {NAD}+ Analogues},
  journal = JACS,
  year = {1990},
  volume = {112},
  pages = {3579},
}

@ARTICLE{Kreevoy88,
  author = {M. M. Kreevoy and D. Ostovic and I. S. H. Lee and D. A. Binder and
	G. W. King},
  title = {Structure Sensitivity of the Marcus l for Hydride Transfer between
	{NAD}+ Analogues},
  journal = JACS,
  year = {1988},
  volume = {110},
  pages = {524},
}

@ARTICLE{Krengel90,
  author = {U. Krengel and L. Schlichting and A. Scherer and R. Schumann and
	M. Frech and J. John and W. Kabsch and E. F. Pai and A. Wittinghofer},
  title = {Three-Dimensional Structures of {H}-Ras P21 Mutants - Molecular Basis
	for their Inability to Function as Signal Transduction Switch Molecules},
  journal = {Cell},
  year = {1990},
  volume = {62},
  pages = {539-548},
}

@ARTICLE{Krieger90,
  author = {J. B. Krieger and Yan Li and G. J. Iafrate},
  title = {Derivation and Application of an Accurate {K}ohn-{S}ham Potential
	with Integer Discontinuity},
  journal = {Physics Letters A},
  year = {1990},
  volume = {146},
  pages = {256--260},
}

@ARTICLE{Krieger92,
  author = {J. B. Krieger and Yan Li and G. J. Iafrate},
  title = {Construction and application of an accurate local spin-polarized
	{K}ohn-{S}ham potential with integer discontinuity: {E}xchange-only
	theory},
  journal = {Physics Letters A},
  year = {1990},
  volume = {146},
  pages = {256--260},
}

@ARTICLE{Krishnan80,
  author = {R. Krishnan and J. S. Binkley and R. Seeger and John A. Pople},
  journal = JCP,
  year = {1980},
  volume = {72},
  pages = {650},
}

@ARTICLE{Kummel03,
  author = {S. Kummel and J. P. Perdew},
  title = {Optimized effective potential made simple: Orbital functionals, 
           orbital shifts, and the exact {K}ohn-{S}ham exchange potential},
  journal = PRB,
  year = {2003},
  volume = {68},
  pages = {035103},
  number = {3},
}

@ARTICLE{Kuwajima90,
  author = {S. Kuwajima and Arieh Warshel},
  title = {Incorporating Electric Polarizabilities in Water-Water Interaction
	Potentials},
  journal = {Journal of Physical Chemistry},
  year = {1990},
  volume = {94},
  pages = {460},
}

@ARTICLE{Kuwajima88,
  author = {S. Kuwajima and Arieh Warshel},
  title = {The Extended Ewald Method: {A} General Treatment of Long-Range Electrostatic
	Interactions in Microscopic Simulations},
  journal = JCP,
  year = {1988},
  volume = {89},
  pages = {3751},
}

@ARTICLE{Laasonen93,
  author = {K. Laasonen and M. Sprik and M. Parrinello and R. Car},
  title = {\emph{Ab Initio} Liquid Water},
  journal = JCP,
  year = {1993},
  volume = {99},
  pages = {9080},
}

@ARTICLE{Lanczos50,
  author = {Cornelius Lanczos},
  title = {An iteration method for the solution of the eigenvalue problem of
	linear differential and integral operators.},
  journal = {Journal of Research of the National Bureau of Standards},
  year = {1950},
  volume = {45},
  pages = {255},
}

@ARTICLE{Langen92,
  author = {Ralf Langen and G. D. Brayer and A. M. Berghuis and G. McLendon and
	F. Sherman and Arieh Warshel},
  title = {Effect of the Asn52Ile Mutation in on the Redox Potential of Yeast
	Cytochrome c},
  journal = {Journal of Molecular Biology},
  year = {1992},
  volume = {224},
  pages = {589-600},
}

@ARTICLE{Langen92b,
  author = {Ralf Langen and G. M. Jensen and U. Jacob and Phillip J. Stephens
	and Arieh Warshel},
  title = {Protein Control of Iron-Sulfur Cluster Redox Potentials},
  journal = {Journal of Biological Chemistry},
  year = {1992},
  volume = {267},
  pages = {25625},
}

@ARTICLE{Langen92a,
  author = {Ralf Langen and Thomas Schweins and Arieh Warshel},
  title = {On the Mechanism of Guanosine Triphosphate Hydrolysis in ras p21
	Proteins},
  journal = {Biochemistry},
  year = {1992},
  volume = {31},
  pages = {8691-8696},
}

@ARTICLE{Langlois90,
  author = {Jean-Marc Langlois and Richard P. Muller and Terry R. Coley and Goddard,
	III, William A. and Murco N. Ringnalda and Yongdo Won and Richard
	A. Friesner},
  title = {Pseudospectral Generalized Valence Bond Calculations of Methylene,
	Ethylene, and Silylene},
  journal = JCP,
  year = {1990},
  volume = {92},
  pages = {7488},
}

@ARTICLE{Langlois94,
  author = {Jean-Marc Langlois and Terumasa Yamasaki and Richard P. Muller and
	Goddard, III, William A.},
  title = {Rule-Based Trial Wave Functions for Generalized Valence Bond Theory},
  journal = {Journal of Physical Chemistry},
  year = {1994},
  volume = {98},
  pages = {13498},
}

@ARTICLE{Lebedev77,
  author = {V. I. Lebedev},
  title = {Quadratures Formulas for the Sphere of 25th to 29th order accuracy},
  journal = {Sibersk. Mat. Z.},
  year = {1977},
  volume = {18},
  pages = {132},
}

@ARTICLE{l76,
  author = {V. I. Lebedev},
  title = {Quadratures on the Sphere},
  journal = {{\v Z}. Vy{\v c}isl. Mat. i Mat. Fiz.},
  year = {1976},
  volume = {16},
  pages = {293},
}

@ARTICLE{l75,
  author = {V. I. Lebedev},
  title = {Values of the Nodes and Weights of Quadrature Formulas of Gauss-Markov
	Type for a Sphere from the Ninth to Seventeenth Order of Accuracy
	that are Invariant With Respect to an Octahedron Group With Inversion},
  journal = {{\v Z}. Vy{\v c}isl. Mat. i Mat. Fiz.},
  year = {1975},
  volume = {15},
  pages = {48},
}

@ARTICLE{Lee88,
  author = {C. Lee and W. Yang and R. G. Parr},
  title = {Development of the Colle-Salvetti Correlation Energy Formula into
	a Functional of the Electron Density},
  journal = PRB,
  year = {1988},
  volume = {37},
  pages = {785},
}

@ARTICLE{Lee92,
  author = {C. Lee and Weitao Yang},
  title = {The divide-and-conquer density-functional approach: Molecular internal
	rotation and density of states},
  journal = JCP,
  year = {1992},
  volume = {96},
  pages = {2408},
}

@ARTICLE{Lee92a,
  author = {Fred S. Lee and Zen T. Chu and M. B. Bolger and Arieh Warshel},
  title = {Calculations of Antibody-Antigen Interactions: Microscopic and Semi-Microscopic
	Evaluation of the Free Energies of Binding of Phosphorylcholine Analogs
	to McPC603},
  journal = {Protein Engineering},
  year = {1992},
  volume = {5},
  pages = {215},
}

@ARTICLE{Lee93,
  author = {Fred S. Lee and Zen T. Chu and Arieh Warshel},
  title = {Microscopic and Semimicroscopic Calculations of Electrostatic Energies
	in Proteins by the {POLARIS} and {ENZYMIX} Programs},
  journal = JCC,
  year = {1993},
  volume = {14},
  pages = {161-185},
}

@ARTICLE{Lee92b,
  author = {Fred S. Lee and Arieh Warshel},
  title = {A Local Reaction Field Method for Fast Evaluation of Long-Range Electrostatic
	Interactions in Molecular Simulations},
  journal = JCP,
  year = {1992},
  volume = {97},
  pages = {3100},
}

@ARTICLE{Lee93a,
  author = {Jung-Goo Lee and Richard A. Friesner},
  title = {Atomic Charges for Large Molecules Derived from Electrostatic Potentials:
	Fragment Density Matrix Approach},
  journal = {Journal of Physical Chemistry},
  year = {1993},
  volume = {97},
  pages = {3515},
}

@MANUAL{chemkin2,
  title = {Chemkin-{II}: A Fortran Chemical Kinetics Package for the Analysis
	of Gas-Phase Chemical Kinetics},
  author = {R. J. Lee and R. M. Rupley and J. A. Miller},
  organization = {Sandia National Laboratories},
  address = {Albuquerque, New Mexico},
  month = {September},
  year = {1989},
}

@ARTICLE{Lee96,
  author = {Y. S. Lee and M. Hodoscek and Bernard R. Brooks and P. F. Kador},
  title = {The investigation of the geometry of Asp-43, Lys-77 and Tyr-48 in
	the active site of human aldose reductase by the {QM}/{MM} potential},
  journal = {Manuscript in preparation},
  year = {1996},
}

@ARTICLE{Lei92,
  author = {T. Lei and T. D. Moustakas and R. J. Graham andY. He and S. J. Berkowitz},
  journal = {J. Appl. Phys.},
  year = {1992},
  volume = {71},
  pages = {1},
}

@MANUAL{Levitt74,
  title = {{ERFN}/{QM}},
  author = {Michael Levitt and Arieh Warshel},
  address = {University of Southern California},
  year = {1974},
}

@ARTICLE{Lewis92,
  author = {J. W. Lewis and R. A. Goldbeck and D. S. Kliger and X. Xie and R.
	C. Dunn and J. D. Simon},
  title = {Time-Resolved Circular Dichroism Spectroscopy: Experiment, Theory,
	and Applications to Biological Systems},
  journal = {Journal of Physical Chemistry},
  year = {1992},
  volume = {96},
  pages = {5243-5254},
}

@ARTICLE{Lewis81,
  author = {S. D. Lewis and F. A. Johnson and J. A. Shafer},
  title = {Effect of Cysteine-25 on the Ionization of Histidine-159 in Papain
	as Determined by Proton Nuclear Magnetic Resonance Spectroscopy.
	Evidence for a His 159 Cys 25 Ion Pair and its Possible Role in Catalysis},
  journal = {Biochemistry},
  year = {1981},
  volume = {20},
  pages = {48},
}

@ARTICLE{Li91,
  author = {D. Li and Gregory A. Voth},
  title = {Feynman Path Integral Approach for Studying Intramolecular Effects
	in Proton-Transfer Reactions},
  journal = {Journal of Physical Chemistry},
  year = {1991},
  volume = {95},
  pages = {10425},
}

@ARTICLE{Li93,
  author = {X.-P. Li and R. W. Nunes and David Vanderbilt},
  title = {Density Matrix Electronic Structure Method with Linear System Size
	Scaling},
  journal = PRB,
  year = {1993},
  volume = {47},
  pages = {10891},
}

@ARTICLE{Lias88,
  author = {S. G. Lias and J. E. Bartmess and J. F. Liebman and J. L. Holmes
	and R. D. Levin and J. G. Mallard},
  title = {Gas-Phase Ion and Neutral Thermochemistry},
  journal = {Journal of Physical Chemistry Reference Data},
  year = {1988},
  volume = {17},
  pages = {Supplement \#1},
}

@ARTICLE{Lifson68,
  author = {S. Lifson and Arieh Warshel},
  title = {Consistent force field for calculations of conformations, vibrational
	spectra, and enthalpies of cycloalkane and n-alkane molecules},
  journal = JCP,
  year = {1968},
  volume = {49},
  pages = {5116},
}

@ARTICLE{Light85,
  author = {J. C. Light and I. P. Hamilton and J. V. Lill},
  journal = JCP,
  year = {1985},
  volume = {82},
  pages = {1400},
}

@ARTICLE{Lii89,
  author = {Jenn-Huei Lii and Norman L. Allinger},
  title = {Molecular Mechanics. The MM3 Force Field for Hydrocarbons. 2. Vibrational
	Frequencies and Thermodynamics},
  journal = JACS,
  year = {1989},
  volume = {111},
  pages = {8566},
}

@ARTICLE{Lii89a,
  author = {Jenn-Huei Lii and Norman L. Allinger},
  title = {Molecular Mechanics. The MM3 Force Field for Hydrocarbons. 3. The
	van der Waals' Potentials and Crystal Data for Aliphatic and Aromatic
	Hydrocarbons},
  journal = JACS,
  year = {1989},
  volume = {111},
  pages = {8576},
}

@ARTICLE{Lim91,
  author = {Carmay Lim and Don Bashford and Martin Karplus},
  title = {Absolute p$K_a$ Calculations with Continuum Dielectric Methods},
  journal = {Journal of Physical Chemistry},
  year = {1991},
  volume = {95},
  pages = {5610},
}

@ARTICLE{Lim90,
  author = {Carmay Lim and Martin Karplus},
  title = {Nonexistence of Dianionic Pentacovalent Intermediates in an \emph{Ab
	Initio} Study of the Base-Catalyzed Hydrolysis of Ethylene Phosphate},
  journal = JACS,
  year = {1990},
  volume = {112},
  pages = {5872},
}

@ARTICLE{Liu94,
  author = {A. Y. Liu and D. J. Singh and H. Krakauer},
  title = {Linearized-Augmented-Plane-Wave Method with Car-Parrinello Scaling},
  journal = PRB,
  year = {1994},
  volume = {49},
  pages = {17424},
}

@ARTICLE{Liu95,
  author = {Haiyan Liu and F. Muller-Plathe and Wilfred F. van Gunsteren},
  title = {A molecular dynamics simulatio study with a combined quantum mechanical
	and molecular mechanical potential energy function: solvation effects
	on the conformational equilibrium of dimethoxyethane},
  journal = JCP,
  year = {1995},
  volume = {102},
  pages = {1722},
}

@ARTICLE{Liu96,
  author = {Yi-Ping Liu and Kyungsun Kim and B. J. Berne and Richard A. Friesner},
  title = {A Polarizable Force Field for Water Derived from \emph{Ab Initio}
	Quantum Mechanics},
  journal = {in preparation},
  year = {1996},
}

@ARTICLE{Liu93,
  author = {Zhihua Liu and B. J. Berne},
  title = {Method for Accelerating Chain Folding and Mixing},
  journal = JCP,
  year = {1993},
  volume = {99},
  pages = {6071},
}

@ARTICLE{Long93,
  author = {D. M. Long and O. C. Uhlenbeck},
  title = {Self-cleaving catalytic {RNA}},
  journal = {FASEB Journal},
  year = {1993},
  volume = {7},
  pages = {25},
}

@ARTICLE{Longo88,
  author = {E. Longo and F. M. Stamato and R. Ferreira and O. Tapia},
  journal = {Journal of Theoretical Biology},
  year = {1988},
  volume = {112},
  pages = {783},
}

@ARTICLE{Norskov02,
  author = {N. Lopez and J. K. Norskov},
  title = {Catalytic CO Oxidation by a Gold Nanoparticle: A Density Functional
	Study},
  journal = JACS,
  year = {2002},
  volume = {124},
  pages = {11262-11263},
}

@ARTICLE{Luzhkov92,
  author = {Victor Luzhkov and Arieh Warshel},
  title = {Microscopic Models for Quantum Mechanical Calculations of Chemical
	Processes in Solutions: {LD}/{AMPAC} and {SCAAS}/{AMPAC} Calculations
	of Solvation Energies},
  journal = JCC,
  year = {1992},
  volume = {13},
  pages = {199},
}

@ARTICLE{Luzhkov91,
  author = {Victor Luzhkov and Arieh Warshel},
  title = {Microscopic Calculations of Solvent Effects on Absorption Spectra
	of Conjugated Molecules},
  journal = JACS,
  year = {1991},
  volume = {113},
  pages = {4491},
}

@ARTICLE{Lyne95,
  author = {P. Lyne and A. J. Mulholland and W. G. Richards},
  title = {Insights into Chorismate Mutase Catalysis from a Combined {QM}/{MM}
	Simulation of the Enzyme Reaction},
  journal = JACS,
  year = {1995},
  volume = {117},
  pages = {11345},
}

@ARTICLE{MacAdon87,
  author = {M. H. MacAdon and Goddard, III, William A.},
  title = {Generalized Valence Bond Studies of Metallic Bonding: Naked Clusters
	and Applications to Bulk Metals},
  journal = {Journal of Physical Chemistry},
  year = {1987},
  volume = {91},
  pages = {2607},
}

@ARTICLE{Maggiora74,
  author = {G. M. Maggiora and L. J. Weimann},
  journal = {International Journal of Quantum Chemistry: Quantum Biology Symposia},
  year = {1974},
  volume = {1},
  pages = {179},
}

@ARTICLE{Magyar04,
  author = {R. J. Magyar and A. Fleszar  and E. K. U. Gross},
  title = {Exact-exchange density-functional calculations for noble-gas solids},
  journal = PRB,
  year = {2004},
  volume = {69},
  pages = {45111},
  timestamp = {2006.01.27},
}

@ARTICLE{Mahan91,
  author = {Mahan, {A.H.} and Nelson, {B.P.} and Salamon, S. and Crandall, {R.S.}},
  title = {Deposition of Device Quality, Low {H} Content a-{Si-H} by the Hot-Wire
	Technique},
  journal = {Journal of Non-Crystalline Solids},
  year = {1991},
  volume = {137},
  pages = {657--660},
  number = {2},
}

@ARTICLE{Mainz96a,
  author = {Daniel T. Mainz and {R.~Stephen} Berry},
  title = {Effect of Potential Energy Topography on Dynamics and Phase Behaviour
	of Clusters},
  journal = {Molecular Physics},
  year = {1996},
  volume = {88},
  pages = {709},
}

@ARTICLE{Mainz96b,
  author = {Daniel T. Mainz and Jasna Klici{\'c} and Richard A. Friesner and
	Jean-Marc Langlois and Jason K. Perry},
  title = {Extension of the PS-GVB Electronic Structure Code to Transition Metal
	Complexes},
  journal = {J. Comput. Chem., submitted},
  year = {1996},
}

@ARTICLE{Mainz96c,
  author = {Daniel T. Mainz and Jasna Klici{\'c} and Richard A. Friesner and
	Murco N. Ringnalda and W. Thomas Pollard},
  title = {Robust Geometry Optimization with Pseudospectral Electronic Structure
	Methods},
  journal = {in preparation},
  year = {1996},
}

@PHDTHESIS{Mainz96,
  author = {Daniel Timothy Mainz},
  title = {Electronic Structure Methods on Large Systems: Algorithmic Improvements
	and Application in an Automated Parameterization of Polarizable Force
	Fields},
  school = {Columbia University},
  year = {1996},
}

@ARTICLE{Malmqvist90,
  author = {P.-A. Malmqvist and A. Rendell and B. O. Roos},
  title = {The Restricted Active Space Self-Consistent Field Method, Implemented
	with a Split Graph Unitary Group Approach},
  journal = {Journal of Physical Chemistry},
  year = {1990},
  volume = {94},
  pages = {5477},
}

@ARTICLE{Manfrin69,
  author = {M. F. Manfrin and G. Varani and L. Moggi and V. Balzani},
  title = {Photochemistry of Hexamminecobalt({III}) and Tris(ethylenediamine)cobalt({III})
	Ions},
  journal = {Molecular Photochemistry},
  year = {1969},
  volume = {1},
  pages = {387-402},
}

@ARTICLE{Maranas94,
  author = {Costas D. Maranas and Christodoulos A. Floudas},
  title = {A Deterministic Global Optimization Approach for Molecular Structure
	Determination},
  journal = JCP,
  year = {1994},
  volume = {100},
  pages = {1247},
}

@ARTICLE{Maranas92,
  author = {Costas D. Maranas and Christodoulos A. Floudas},
  title = {A Global Optimization Approach for Lennard-Jones Microclusters},
  journal = JCP,
  year = {1992},
  volume = {97},
  pages = {7667},
}

@ARTICLE{Marquardt63,
  author = {D. W. Marquardt},
  title = {An Algorithm for Least-Squares Estimation of Nonlinear Parameters},
  journal = JSIAM,
  year = {1963},
  volume = {11},
  pages = {431},
}

@ARTICLE{Marten96,
  author = {Bryan Marten and K. Kim and C. Cortis and Richard A. Friesner and
	R. B. Murphy and Murco N. Ringnalda and D. Sitkoff and Barry Honig},
  title = {New Model for Calculation of Solvation Free Energies: Correction
	of Self-Consistent Reaction Field Continuum Dielectric Theory for
	Short-Range Hydrogen Bonding Effects},
  journal = {Journal of Physical Chemistry},
  year = {1996},
  volume = {100},
  pages = {11775},
}

@BOOK{Martin70,
  title = {Electrons and Crystals},
  publisher = {Brooks/Cole},
  year = {1970},
  author = {Thomas L. Martin and William F. Leonard},
  address = {Belmont, California},
}

@ARTICLE{Maseras93,
  author = {F. Maseras and N. Koga and K. Morokuma},
  title = {Ab-Initio Molecular-Orbital Characterization of the $[Os(PR_3)_3H_5]^+$
	Complex},
  journal = JACS,
  year = {1993},
  volume = {N18},
}

@ARTICLE{Mataga57,
  author = {N. Mataga and K. Nishimoto},
  journal = {Z. Phys. Chem.},
  year = {1957},
  volume = {13},
  pages = {140},
}

@ARTICLE{Mayo90,
  author = {Stephen L. Mayo and Barry D. Olafson and Goddard, III, William A.},
  title = {{DREIDING}: {A} Generic Force Field For Molecular Simulations},
  journal = {Journal of Physical Chemistry},
  year = {1990},
  volume = {94},
  pages = {8897},
}

@INCOLLECTION{McCurdy77,
  author = {C. W. McCurdy and T. N. Rescigno and D. L. Yeager andV. McKoy},
  booktitle = {Modern Theoretical Chemistry: Methods of Electronic Structure Theory},
  publisher = {Plenum},
  year = {1977},
  editor = {Schaefer, III, Henry F.},
  volume = {3},
  pages = {339},
  address = {New York},
}

@ARTICLE{McCusker93,
  author = {J. K. McCusker and K. N. Walda and D. Magde},
  title = {Picosecond Excited-State Dynamics in Octahedral Cobalt ({III}) Complexes
	- Intersystem Crossing Versus Internal-Concersion},
  journal = {Inorganic Chemistry},
  year = {1993},
  volume = {32},
  pages = {394-399},
}

@ARTICLE{McDonald91,
  author = {J. J. McDonald and Brooks, III, Charles L.},
  title = {Theoretical Approach to Drug Design. 2. Relative Thermodynamics of
	Inhibitor Binding by Chicken Dihydrofolate Reductase to Ethyl Derivatives
	of Trimethoprim Substituted at 3'-, 4'-, and 5'-Positions},
  journal = JACS,
  year = {1991},
  volume = {113},
  pages = {2295},
}

@ARTICLE{McLachlan83,
  author = {A. D. McLachlan and J. Karn},
  title = {Periodic Features in the Amino-Acid-Sequence of Nematode Myosin Rod},
  journal = {Journal of Molecular Biology},
  year = {1983},
  volume = {164},
  pages = {605-626},
}

@ARTICLE{McMurchie78,
  author = {Larry E. McMurchie and Ernest R. Davidson},
  title = {One- and Two-Electron Integrals over Cartesian Gaussian Functions},
  journal = {Journal of Computational Physics},
  year = {1978},
  volume = {26},
  pages = {218},
}

@ARTICLE{McWeeny60,
  author = {R. McWeeny},
  title = {Some Recent Advances in Density Matrix Theory},
  journal = {Reviews of Modern Physics},
  year = {1960},
  volume = {32},
  pages = {335},
}

@ARTICLE{Melius78,
  author = {C. F. Melius and T. H. Upton and Goddard, III, William A.},
  title = {Electronic Properties of Metal Clusters ({Ni}$_{13}$ to {Ni}$_{87}$
	and Implications to Chemisorption},
  journal = {Solid State Communications},
  year = {1978},
  volume = {28},
  pages = {501},
}

@INCOLLECTION{Melius90a,
  author = {Carl F. Melius},
  title = {Thermochemical Modeling: {I}. Application to Decomposition of Energetic
	Materials},
  booktitle = {Chemistry and Physics of Energetic Materials},
  publisher = {Kluwer Academic Publishers},
  year = {1990},
  editor = {S. N. Bulusu},
  pages = {21},
  address = {The Netherlands},
}

@INCOLLECTION{Melius90b,
  author = {Carl F. Melius},
  title = {Thermochemical Modeling: {II}. Application to Ignition and Combustion
	of Energetic Materials},
  booktitle = {Chemistry and Physics of Energetic Materials},
  publisher = {Kluwer Academic Publishers},
  year = {1990},
  editor = {S. N. Bulusu},
  pages = {51},
  address = {The Netherlands},
}

@ARTICLE{Melius95,
  author = {Carl F. Melius},
  title = {Thermochemistry and Reaction Mechanisms of Nitromethane Ignition},
  journal = {Journal de Physique {IV}},
  year = {1995},
  volume = {5},
  pages = {535},
}

@ARTICLE{Melius92,
  author = {Carl F. Melius},
  title = {The Thermochemistry and Reaction Pathways of Energetic Material Decomposition
	and Combustion},
  journal = {Phil. Trans. R. Soc. Lond. A.},
  year = {1992},
  volume = {339},
  pages = {365},
}

@PHDTHESIS{Melius72a,
  author = {Carl F. Melius},
  school = {California Institute of Technology},
  year = {1972},
}

@ARTICLE{Melius74,
  author = {Carl F. Melius and Goddard, III, William A.},
  title = {Ab Initio Effective Potentials for use in Molecular Quantum Mechanics},
  journal = PRA,
  year = {1974},
  volume = {10},
  pages = {1528},
}

@ARTICLE{Melius72,
  author = {Carl F. Melius and L. R. Kahn and Goddard, III, William A.},
  journal = JCP,
  year = {1972},
  volume = {56},
  pages = {3342},
}

@ARTICLE{Melius74a,
  author = {Carl F. Melius and Barry D. Olafson and Goddard, III, William A.},
  title = {Fe and Ni Ab Initio Effective Potentials for use in Molecular Calculations},
  journal = CPL,
  year = {1974},
  volume = {28},
  pages = {457},
}

@ARTICLE{Mennucci94,
  author = {B. Mennucci and M. Cossi and J. Tomasi},
  title = {A theoretical model of solvation in continuum anisotropic dielectrics},
  journal = JCP,
  year = {1994},
  volume = {102},
  pages = {6837},
}

@ARTICLE{Mensi87,
  author = {N. Mensi and S. S. Isied},
  title = {Solid-Phase Peptide Synthesis Using a {Co}{III} Spacer between the
	Resin and the Peptide},
  journal = JACS,
  year = {1987},
  volume = {109},
  pages = {7883},
}

@ARTICLE{Metropolis53,
  author = {N. Metropolis and A. W. Rosenbluth and M. N. Rosenbluth and A. H.
	Teller and E. Teller},
  title = {Equation of State Calculations by Fast Computing Machines},
  journal = JCP,
  year = {1953},
  volume = {21},
  pages = {1087},
}

@ARTICLE{Miehlich97,
  author = {B. Miehlich and H. Stoll and A. Savin},
  title = {A correlation-energy density functional formultideterminantal wave
	functions},
  journal = {Molecular Physics},
  year = {1997},
  volume = {91},
  pages = {527-536},
}

@ARTICLE{Miehlich89,
  author = {Burkhard Miehlich and Andreas Savin and Hermann Stoll and Heinzwerner
	Preuss},
  title = {Results Obtained with the Correlation Energy Density Functionals
	of Becke and Lee, Yang and Parr},
  journal = CPL,
  year = {1989},
  volume = {157},
  pages = {200},
}

@ARTICLE{Miertus81,
  author = {S. Miertus and E. Scrocco and J. Tomasi},
  title = {Electrostatic Interaction of a Solute with a Continuum. {A} Direct
	Utilization of \emph{Ab Initio} Molecular Potentials for the Prevision
	of Solvent Effects},
  journal = {Chemical Physics},
  year = {1981},
  volume = {55},
  pages = {117},
}

@ARTICLE{Milburn90,
  author = {M. Milburn and L. Tong and A. M. de Vos and A. Bruenger and Z. Yamaizumi
	and S. Nishimura and S. H. Kim},
  title = {Molecular Switch for Signal Transduction: Structural Differences
	between Active and Inactive Forms of Protooncogenic Ras Proteins},
  journal = SCI,
  year = {1990},
  volume = {247},
  pages = {939-945},
}

@ARTICLE{Millam97,
  author = {J. M. Millan and G. E. Scuseria},
  title = {Linear Scaling Conjugate Gradient Density Matrix Search as an Alternative
	to Diagonalization for First Principles Electronic Structure Calculations},
  journal = JCP,
  year = {1997},
  volume = {106},
  pages = {5569},
}

@ARTICLE{Miller96,
  author = {J. L. Miller and Peter A. Kollman},
  title = {Solvation Free Energies of the Nucleic Acid Bases},
  journal = {Journal of Physical Chemistry},
  year = {1996},
  volume = {100},
  pages = {8587},
}

@ARTICLE{Molenbroek97,
  author = {Molenbroek, {E.C.} and Mahan, {A.H.} and Gallagher, A.},
  title = {Mechanisms influencing ''hot-wire'' deposition of hydrogenated amorphous
	silicon},
  journal = {Journal of Applied Physics},
  year = {1997},
  volume = {82},
  pages = {1909--1917},
  number = {4},
}

@ARTICLE{Molenbroek96,
  author = {Molenbroek, {E.C.} and Mahan, {A.H.} and Johnson, {E.J.} and Gallagher,
	{A.C.}},
  title = {Film quality in relation to deposition conditions of a-Si:H films
	deposited by the ''hot wire'' method using highly diluted silane},
  journal = {Journal of Applied Physics},
  year = {1996},
  volume = {79},
  pages = {7278--7292},
  number = {9},
}

@ARTICLE{Montagani91,
  author = {R. Montagani and J. Tomasi},
  title = {The influence of the solvent on the conformational energy differences
	due to the anomeric effect},
  journal = {International Journal of Quantum Chemistry},
  year = {1991},
  volume = {39},
  pages = {851},
}

@ARTICLE{Morgantini95,
  author = {P. Y. Morgantini and Peter A. Kollman},
  title = {Solvation Free Energies of Amides and Amines: Disagreement Between
	Free Energy Calculations and Experiment},
  journal = JACS,
  year = {1995},
  volume = {117},
  pages = {6057},
}

@ARTICLE{Mori-Sanchez05,
  author = {P. Mori-Sanchez and Q. Wu. and W. Yang},
  title = {Orbital-dependent correlation energy in density-functional
                  theory based on a second-order perturbation
                  approach: Success and failure},
  journal = JCP,
  year = 2005,
  volume = 123,
  pages = 62204,
}

@ARTICLE{Mori-Sanchez06,
  author = {P. Mori-Sanchez and A. J. Cohen and W. Yang},
  title = {Self-interaction-free exchange-correlation functional 
           for thermochemistry and kinetics},
  journal = JCP,
  volume = 124,
  pages = 91102,
}

@ARTICLE{Morkoc94,
  author = {H. Morkoc and S. Strite and G. B. Gao andM. E. Lin and B. Sverdlov
	and M. Burns},
  journal = {J. Appl. Phys.},
  year = {1994},
  volume = {76},
  pages = {1363},
}

@ARTICLE{Mortier86,
  author = {Wilfried J. Mortier and Swapan K. Ghosh and S. Shankar},
  title = {Electronegativity Equalization Method for the Calculation of Atomic
	Charges in Molecules},
  journal = JACS,
  year = {1986},
  volume = {108},
  pages = {4315},
}

@ARTICLE{Mouseca94,
  author = {J. M. Mouseca and J. L. Chen and L. Noodleman and D. Bashford and
	D. A. Case},
  title = {Density functional/Poisson-Boltzmann calculations of redox potentials
	for iron-sulfur complexes},
  journal = JACS,
  year = {1994},
  volume = {116},
  pages = {11898},
}

@ARTICLE{Mulholland93,
  author = {A. J. Mulholland and G. H. Grant and W. G. Richards},
  title = {Computer Modeling of Enzyme Catalyzed Reaction Mechanisms},
  journal = {Protein Engineering},
  year = {1993},
  volume = {6},
  pages = {133},
}

@INCOLLECTION{Muller02,
  author = {R. P. Muller and Goddard, III, William A.},
  title = {Valence Bond Theory},
  booktitle = {Encyclopedia of Physical Science and Chemistry},
  publisher = {Academic Press},
  year = {2002},
  editor = {R. A. Meyers},
  address = {New York},
}

@MANUAL{PyQuante,
  title = {PyQuante Quantum Chemistry Program Suite},
  author = {Richard P. Muller},
  address = {http://pyquante.sourceforge.net},
}

@ARTICLE{Muller97,
  author = {Richard P. Muller and Goddard, III, William A.},
  title = {Monte Carlo Techniques for Describing Electron Correlation},
  journal = {Research in Progress},
  year = {1997},
}

@ARTICLE{Muller94,
  author = {Richard P. Muller and Jean-Marc Langlois and Murco N. Ringnalda and
	Richard A. Friesner and Goddard, III, William A.},
  title = {A Generalized Direct Inversion in the Iterative Subspace Approach
	for Generalized Valence Bond Wave Functions},
  journal = JCP,
  year = {1994},
  volume = {100},
  pages = {1226},
}

@ARTICLE{Muller95,
  author = {Richard P. Muller and Arieh Warshel},
  title = {\emph{Ab Initio} Calculations of Free Energy Barriers for Chemical
	Reactions in Solution},
  journal = {Journal of Physical Chemistry},
  year = {1995},
  volume = {99},
  pages = {17516},
}

@INCOLLECTION{Muller96,
  author = {Richard P. Muller and Tomasz A. Wesolowski and Arieh Warshel},
  title = {Calculations of Chemical Processes in Solution by Density Functional
	and Other Quantum Mechanical Techniques},
  booktitle = {Density functional methods: Applications in chemistry and materials
	science},
  publisher = {John Wiley \& Sons, Ltd.},
  year = {1996},
  editor = {Springbourg, M.},
  address = {London},
}

@ARTICLE{Murphy95,
  author = {Robert B. Murphy and Michael D. Beachy and Richard A. Friesner and
	Murco N. Ringnalda},
  title = {Pseudospectral Localized M{\o}ller-Plesset Methods: Theory and Calculation
	of Conformational Energies},
  journal = JCP,
  year = {1995},
  volume = {103},
  pages = {1481},
}

@ARTICLE{Murphy94,
  author = {Robert B. Murphy and Richard A. Friesner and Murco N. Ringnalda and
	Goddard~III, William A.},
  title = {Pseudospectral Contracted Configuration Interaction from a Generalized
	Valence Bond Reference},
  journal = JCP,
  year = {1994},
  volume = {101},
  pages = {2986},
}

@ARTICLE{Murray92,
  author = {Christopher W. Murray and Stephen C. Racine and Ernie R. Davidson},
  title = {Improved algorithms for the lowest few eigenvalues and associated
	eigenvectors of large matrices},
  journal = {Journal of Computational Physics},
  year = {1992},
  volume = {103},
  pages = {382--389},
}

@ARTICLE{Murtagh70,
  author = {B. A. Murtagh and R. W. H. Sargent},
  title = {Computational Experience with Quadratically Convergent Minimization
	Methods},
  journal = {Comp. J.},
  year = {1970},
  volume = {13},
  pages = {185},
}

@ARTICLE{Musaev96,
  author = {D. G. Musaev and K. Morokuma},
  title = {Potential-Energy Surfaces of Transition-Metal-Catalyzed Chemical
	Reactions},
  journal = {Advances in Chemical Physics},
  year = {1996},
  volume = {95},
  pages = {61},
}

@ARTICLE{Moller34,
  author = {C. M{\o}ller and M. S. Plesset},
  journal = PR,
  year = {1934},
  volume = {46},
  pages = {618},
}

@ARTICLE{Nagy94,
  author = {P. I. Nagy and J. E. Bitar and D. A. Smith},
  title = {Comparison of the {MM}/{GB}/{SA} and the \emph{ab initio}/{MC} simulation
	methods in estimating conformational equilibria in aqueous solution},
  journal = JCC,
  year = {1994},
  volume = {15},
  pages = {1228},
}

@ARTICLE{Nakagawa82,
  author = {S. Nakagawa and H. Umeyama},
  journal = {Journal of Theoretical Biology},
  year = {1982},
  volume = {96},
  pages = {473},
}

@INCOLLECTION{Naray-Szabo97,
  author = {G. Naray-Szabo and Monika Fuxreiter and Arieh Warshel},
  title = {Electrostatic Basis of Enzyme Catalysis},
  booktitle = {Computational Approaches to Biochemical Reactivity},
  publisher = {Kluwer Academic Publishers},
  year = {1977},
  editor = {G. Naray-Szabo and Arieh Warshel},
}

@ARTICLE{Nelder65,
  author = {J. A. Nelder and R. Mead},
  title = {A Simplex Method for Function Minimization},
  journal = {Computer Journal},
  year = {1965},
  volume = {7},
  pages = {308},
}

@ARTICLE{Nemeth00,
  author = {K. Nemeth and G. E. Scuseria},
  title = {Linear scaling density matrix search based on sign matrices},
  journal = JCP,
  year = {2000},
  volume = {113},
  pages = {6035},
  number = {15},
}

@ARTICLE{Nesbet55,
  author = {R. K. Nesbet},
  journal = {Proc. Roy. Soc},
  year = {1955},
  volume = {A230},
  pages = {312},
}

@BOOK{VonNeumann55,
  title = {Mathematical Foundations of Quantum Mechanics},
  publisher = {Princeton},
  year = {1955},
  author = {J. Von Neumann},
}

@ARTICLE{Newman93,
  author = {N. Newman and J. Ross and M. Rubin},
  journal = {Appl. Phys. Lett.},
  year = {1993},
  volume = {62},
  pages = {1242},
}

@ARTICLE{Nicholls91,
  author = {A. Nicholls and B. Honig},
  journal = JCC,
  year = {1991},
  volume = {12},
  pages = {345},
}

@ARTICLE{Niklasson03,
  author = {A. M. N. Niklasson},
  title = {Implicit Purification for Temperature Dependent Density Matrices},
  journal = PRB,
  year = {2003},
  volume = {68},
  pages = {233104},
}

@ARTICLE{Niklasson02,
  author = {A. M. N. Niklasson},
  title = {Expansion Algorithm for the Density Matrix},
  journal = PRB,
  year = {2002},
  volume = {66},
  pages = {155115},
}

@ARTICLE{Niklasson03b,
  author = {A. M. N. Niklasson and C. J. Tymczak and M. Challacombe},
  title = {Trace Resetting Density Matrix Purification in O(N) Self Consistent
	Field Theory},
  journal = JCP,
  year = {2003},
  volume = {118},
  pages = {8611},
}

@BOOK{Nocedal99,
  title = {Numerical Optimization},
  publisher = {Springer-Verlag},
  year = {1999},
  author = {J. Nocedal and S. Wright},
}

@ARTICLE{Nocera84,
  author = {D. G. Nocera and J. R. Winkler and K. M. Yocom and E. Bordignon and
	Harry B. Gray},
  title = {Kinetics of Intramolecular Electron Transfer From Ru {II} to Fe {III}
	in Ruthenium-modified Cytochrome c},
  journal = JACS,
  year = {1984},
  volume = {106},
  pages = {5145-5150},
}

@ARTICLE{Noel93,
  author = {J. P. Noel and H. E. Hamm and P. B. Sigler},
  title = {The 2.2 {\AA} Crystal Structure of Transducin-alpha Complexed with
	{GTP} Gammas},
  journal = {Nature},
  year = {1993},
  volume = {366},
  pages = {654},
}

@ARTICLE{Nonella91,
  author = {M. Nonella and Klaus Schulten},
  title = {Molecular Dynamics Simulation of Electron Transfer in the Photosynthetic
	Reaction Center},
  journal = {Journal of Physical Chemistry},
  year = {1991},
  volume = {95},
  pages = {2059},
}

@ARTICLE{Noodleman95,
  author = {L. Noodleman and C. Y. Peng and D. A. Case and J. M. Mouseca},
  title = {Orbital interactions, electron delocalization and spin couplin in
	iron-sulfur clusters},
  journal = {Coordination Chemistry Review},
  year = {1995},
  volume = {114},
  pages = {199},
}

@ARTICLE{OShea91,
  author = {E. K. O'Shea and J. D. Klemm and P. S. Kim and T. Alber},
  title = {X-Ray Structure of the GCN4 Leucine Zipper, a Two-Stranded, Parallel
	Coiled Coil},
  journal = SCI,
  year = {1991},
  volume = {254},
  pages = {539-544},
}

@ARTICLE{OShea92,
  author = {E. K. O'Shea and R. Rutkowski and P. S. Kim},
  title = {Mechanism of Specificity in the Fos-Jun Oncoprotein Heterodimer},
  journal = {Cell},
  year = {1992},
  volume = {68},
  pages = {699-708},
}

@ARTICLE{OShea89,
  author = {E. K. O'Shea and R. Rutkowski and P. S. Kim},
  title = {Evidence That the Leucine Zipper is a Coiled Coil},
  journal = SCI,
  year = {1989},
  volume = {243},
  pages = {538-542},
}

@ARTICLE{OShea89a,
  author = {E. K. O'Shea and R. Rutkowski and W. Strafford and P. S. Kim},
  title = {Preferential Heterodimer Formation by Isolated Leucine Zippers from
	Fos and Jun},
  journal = SCI,
  year = {1989},
  volume = {245},
  pages = {646-648},
}

@ARTICLE{Oohata66,
  author = {Kiyosi O-ohata and Hiroshi Taketa and Sigeru Huzinaga},
  title = {Gaussian Expansions of Atomic Orbitals},
  journal = {Journal of the Physical Society of Japan},
  year = {1966},
  volume = {21},
  pages = {2306},
}

@ARTICLE{Obara86,
  author = {S. Obara and A. Saika},
  journal = JCP,
  year = {1986},
  volume = {84},
  pages = {3963},
}

@ARTICLE{Onsager36,
  author = {L. Onsager},
  title = {Reaction field models},
  journal = JACS,
  year = {1936},
  volume = {58},
  pages = {1486},
}

@ARTICLE{Orszag72,
  author = {Steven A. Orszag},
  title = {Comparison of Pseudospectral and Spectral Approximation},
  journal = {Stud. Appl. Math.},
  year = {1972},
  volume = {LI},
  pages = {253},
}

@MANUAL{Hyperchem,
  title = {HyperChem},
  author = {Neil S. Ostlund},
  address = {Cambridge, ON},
  publisher = {Hypercube, Inc.},
}

@ARTICLE{campbell92,
  author = {C. V. Ovesen and P. Stoltze and J. K. Norskkov and C. T. Campbell},
  title = {A Kinetic Model of the Water Gas Shift Reaction},
  journal = {Journal of Catalysis},
  year = {1992},
  volume = {134},
  pages = {445-468},
}

@ARTICLE{Page83,
  author = {M. Page and McIver, Jr., J.W.},
  title = {Pseudoeigenvalue Methods for Orbital Optimization---General Theory
	and Application to Closed Shell, Open Shell, and Two-Configuration
	{SCF} Wave Functions},
  journal = JCP,
  year = {1983},
  volume = {79},
  pages = {4985},
}

@ARTICLE{Pai89,
  author = {E. F. Pai and W. Kabsch and U. Krengel and K. Holmes and J. C. John
	and A. Wittinghofer},
  title = {Structure of the Guanine-Nucleotide-Binding Domain of the Ha-Ras
	Oncogene Product P21 in the Triphosphate Conformation},
  journal = {Nature},
  year = {1989},
  volume = {341},
  pages = {209-214},
}

@ARTICLE{Pai90,
  author = {E. F. Pai and U. Krengel and G. A. Petsko and R. S. Goody and W.
	Kabsch and A. Wittinghofer},
  title = {Refined Crystal Structure of the Triphosphate Conformation of {H}-Ras
	P21 at 1.35 {\AA} Resolution: Implications for the Mechanism of {GTP}
	Hydrolysis},
  journal = {EMBO Journal},
  year = {1990},
  volume = {9},
  pages = {2351-2359},
}

@ARTICLE{Palke69,
  author = {W. E. Palke and Goddard, III, William A.},
  title = {Electronic Structure of LiH According to a Generalization of the
	Valence-Bond Method},
  journal = JCP,
  year = {1969},
  volume = {50},
  pages = {4524},
}

@ARTICLE{Palser98,
  author = {A. H. R. Palser and D. E. Manolopoulos},
  title = {Canonical Purification of the Density Matrix in Electron Structure
	Theory},
  journal = PRL,
  year = {1998},
  volume = {58},
  page = {12704},
}

@ARTICLE{Pariser53,
  author = {R. Pariser and R. Parr},
  journal = JCP,
  year = {1953},
  volume = {21},
  pages = {767},
}

@ARTICLE{Parr78,
  author = {Robert G. Parr and Robert A. Donnelly and Mel Levy and William E.
	Palke},
  title = {Electronegativity: The Density Functional Viewpoint},
  journal = JCP,
  year = {1978},
  volume = {68},
}

@ARTICLE{Parr83,
  author = {Robert G. Parr and Ralph G. Pearson},
  title = {Absolute Hardness: Companion Parameter to Absolute Electronegativity},
  journal = JACS,
  year = {1983},
  volume = {105},
  pages = {7512},
}

@BOOK{Parr89,
  title = {Density Functional Theory of Atoms and Molecules},
  publisher = {Oxford University Press},
  year = {1989},
  author = {Robert G. Parr and Weitao Yang},
  address = {New York},
}

@ARTICLE{Parson90,
  author = {W. W. Parson and Zen T. Chu and Arieh Warshel},
  title = {Electrostatic Control of Charge Separation in Bacterial Photosynthesis},
  journal = {Biochimica Biophysica Acta},
  year = {1990},
  volume = {1017},
  pages = {251},
}

@ARTICLE{Parson89,
  author = {W. W. Parson and Stephen Creighton and Arieh Warshel},
  title = {Calculations of Charge-Transfer Transition Energies and Spectroscopic
	Properties of a Molecular Crystal: Methyl---bacterio---pheo---phorbide
	a},
  journal = JACS,
  year = {1989},
  volume = {111},
  pages = {4277},
}

@INCOLLECTION{Parson91,
  author = {W. W. Parson and Nagarajan Vaidehi and D. Gaul and C. C. Schenck
	and Zen T. Chu and Arieh Warshel},
  title = {Electrostatic Effects on the Speed and Directionality of Electron
	Transfer in Bacterial Reaction Centers: The Special Role of Tyrosine
	{M}-208},
  booktitle = {Reaction Centers of Photosynthetic Bacteria},
  publisher = {Springer-Verlag},
  year = {1991},
  editor = {Michel-Beyerle, M.-E.},
  pages = {239},
  address = {Berlin},
}

@ARTICLE{Pashley89,
  author = {M. D. Pashley},
  journal = {Phys. Rev. B},
  year = {1989},
  volume = {40},
  pages = {10481},
}

@BOOK{Pauling60,
  title = {The Nature of the Chemical Bond},
  publisher = {Cornell University Press},
  year = {1960},
  author = {Linus Pauling},
}

@ARTICLE{Payne90,
  author = {M. C. Payne and M. P. Teter and D. C. Allan},
  journal = {Journal of the Chemical Society: Faraday Transactions},
  year = {1990},
  volume = {86},
  pages = {1221},
}

@ARTICLE{Payne92,
  author = {M. C. Payne and M. P. Teter and D. C. Allan and T.A. Arias and J.
	D. Johannopoulos},
  title = {Iterative minimiation techniques for ab initio total-energy calculations:
	molecular dynamics and conjugate gradients},
  journal = {Reviews of Modern Physics},
  year = {1992},
  volume = {64},
  pages = {1045},
}

@ARTICLE{Pearson93,
  author = {J. G. Pearson and E. Oldfield and Fred S. Lee and Arieh Warshel},
  title = {Chemical Shifts in Proteins: {A} Shielding Trajectory Analysis of
	the Fluorine Nuclear Magnetic Resonance Spectrum of the Escherichia
	coli Galactose Binding Protein Using a Multipole Shielding Polarizability-Local
	Reaction Field-Molecular Dynamics Approach},
  journal = JACS,
  year = {1993},
  volume = {115},
  pages = {16851},
}

@ARTICLE{Peet89,
  author = {A. C. Peet},
  journal = JCP,
  year = {1989},
  volume = {90},
  pages = {4363},
}

@ARTICLE{Perdew86,
  author = {J. P. Perdew},
  title = {Density-Functional Approximation for the Correlation Energy of the
	Inhomogeneous Electron Gas},
  journal = PRB,
  year = {1986},
  volume = {33},
  pages = {8822},
}

@ARTICLE{Perdew96,
  author = {J. P. Perdew and K. Burke and M. Ernzerhof},
  title = {Generalized gradient approximation made simple.},
  journal = PRL,
  year = {1996},
  volume = {77},
  pages = {3865},
  number = {18},
}

@ARTICLE{Perdew81,
  author = {J. P. Perdew and A. Zunger},
  journal = {Phys. Rev. B},
  year = {1981},
  volume = {23},
  pages = {5048},
}

@ARTICLE{Phelps81,
  author = {D. J. Phelps and H. Schneider and P. R. Carey},
  title = {Correlation between reactivity and structure of some chromophoric
	acylchymotrypsins by resonance Ramam Spectroscopy},
  journal = {Biochemistry},
  year = {1981},
  volume = {20},
  pages = {3447},
}

@ARTICLE{Phillips59,
  author = {J. C. Phillips and L. Kleinman},
  journal = PR,
  year = {1959},
  volume = {116},
  pages = {287},
}

@ARTICLE{Piccirilli93,
  author = {J. A. Piccirilli and J. S. Vyle and M. G. Caruthers and Thomas R.
	Cech},
  title = {Metal Ion Catalysis in the Tetrahymena ribozyme reaction},
  journal = {Nature},
  year = {1993},
  volume = {361},
  pages = {85},
}

@ARTICLE{Pollard93,
  author = {W. Thomas Pollard and Richard A. Friesner},
  title = {Efficient Fock Matrix Diagonalization by a Krylov-Space Method},
  journal = JCP,
  year = {1993},
  volume = {99},
  pages = {6742},
}

@ARTICLE{Pollet02,
  author = {R. Pollet and A. Savin and T. Leininger and H. Stoll},
  title = {Combining multideterminantal wave functions with density functionals
	to handle near-degeneracy in atoms and molecules},
  journal = JCP,
  year = {2002},
  volume = {116},
  pages = {1250-1258},
}

@ARTICLE{Pople79,
  author = {J. A. Pople and R. Krishnan and H. B. Schlegel and J. S. Binkley},
  title = {Derivative Studies in Hartree-Fock and M{\o}ller-Plesset Theories},
  journal = {International Journal of Quantum Chemistry: Quantum Chemistry Symposia},
  year = {1979},
  volume = {13},
  pages = {225},
}

@ARTICLE{Pople67,
  author = {John A. Pople and D. L. Beveridge and P. A. Dobosh},
  title = {Approximate self-consistent molecular orbital theory. {V}. Intermediate
	neglect of differential overlap.},
  journal = JCP,
  year = {1967},
  volume = {47},
  pages = {2026},
}

@BOOK{Pople70,
  title = {Approximate Molecular Orbital Theory},
  publisher = {McGraw-Hill Book Company},
  year = {1970},
  author = {John A. Pople and David L. Beveridge},
  address = {New York},
  edition = {1},
}

@ARTICLE{Pople65,
  author = {John A. Pople and D. P. Santry and Gerald A. Segal},
  title = {Approximate self-consistent molecular orbital theory. {I}. Invariant
	procedures.},
  journal = JCP,
  year = {1965},
  volume = {43},
  pages = {S129},
}

@ARTICLE{Pople66,
  author = {John A. Pople and Gerald A. Segal},
  title = {Approximate self-consistent molecular orbital theory. {III}. {CNDO}
	results for AB2 and AB3 systems.},
  journal = JCP,
  year = {1966},
  volume = {44},
  pages = {3289},
}

@ARTICLE{Pople65a,
  author = {John A. Pople and Gerald A. Segal},
  title = {Approximate self-consistent molecular orbital theory. {II}. Calculations
	with complete neglect of differential overlap.},
  journal = JCP,
  year = {1965},
  volume = {43},
  pages = {S136},
}

@ARTICLE{Powell71,
  author = {M. J. D. Powell},
  title = {Recent Advances in Unconstrained Optimization},
  journal = {Math. Prog.},
  year = {1971},
  volume = {1},
  pages = {26},
}

@ARTICLE{Powell93,
  author = {R. C. Powell and N.-E. Lee and Y.-W. Kim andJ. E. Greene},
  journal = {J. Appl. Phys.},
  year = {1993},
  volume = {73},
  pages = {189},
}

@ARTICLE{Prendergeist91,
  author = {Prendergeist, F.G.},
  title = {Time-Resolved Fluorescence Techniques: Methods and Applications in
	Biology},
  journal = {Current Opinions in Structural Biology},
  year = {1991},
  volume = {1},
  pages = {1054-1059},
}

@BOOK{Press92,
  title = {Numerical Recipes in FORTRAN: The Art of Scientific Programming},
  publisher = {Cambridge University Press},
  year = {1992},
  author = {William H. Press and Saul A. Teukolsky and William T. Vetterling
	and Brian P. Flannery},
  address = {Cambridge},
  edition = {2},
}

@ARTICLE{Prive92,
  author = {G. G. Prive and M. V. Milburn and L. Tong and A. M. de Vos and Z.
	Yamaizumi and S. Nishimura and S. H. Kim},
  title = {X-Ray Crystal Structures of Transforming P21 Ras Mutants Suggest
	a Transition-State Stabilization Mechanism for {GTP} Hydrolysis},
  journal = PNAS,
  year = {1992},
  volume = {89},
  pages = {3649},
}

@ARTICLE{Pulay83,
  author = {Peter Pulay},
  title = {Localizibility of Dynamic Electron Correlation},
  journal = CPL,
  year = {1983},
  volume = {100},
  pages = {151},
}

@ARTICLE{Pulay82,
  author = {Peter Pulay},
  title = {Improved Convergence Acceleration},
  journal = JCC,
  year = {1982},
  volume = {3},
  pages = {556},
}

@ARTICLE{Pulay80,
  author = {Peter Pulay},
  title = {Convergence Acceleration of Iterative Sequences. The Case of {SCF}
	Iteration},
  journal = CPL,
  year = {1980},
  volume = {3},
  pages = {93},
}

@ARTICLE{Pulay86,
  author = {Peter Pulay and Svein S{\ae}b{\o}},
  title = {Orbital-Invariant Formulation and Second-Order Gradient Evaluation
	in M{\o}ller-Plesset Perturbation Theory},
  journal = {Theoretica Chimica Acta},
  year = {1986},
  volume = {69},
  pages = {357},
}

@ARTICLE{Pyle93,
  author = {A. M. Pyle},
  title = {Ribozymes: A Distinct Class of Metalloenzymes},
  journal = SCI,
  year = {1993},
  volume = {261},
  pages = {709},
}

@ARTICLE{Radziszewski90,
  author = {J. G. Radziszewski and J. Waluk and J. Michl},
  title = {{FT} Visible Absorption Spectroscopy of Porphine in Noble-Gas Matrices},
  journal = {Journal of Molecular Spectroscopy},
  year = {1990},
  volume = {140},
  pages = {373},
}

@ARTICLE{Rahman64,
  author = {A. Rahman},
  title = {Correlations in the Motion of Atoms in Liquid Argon},
  journal = PR,
  year = {1964},
  volume = {136},
  pages = {A405},
}

@ARTICLE{Rao87,
  author = {S. N. Rao and U. C. Singh and Paul A. Bash and Peter A. Kollman},
  title = {Free Energy Perturbation Calculations on Binding and Catalysis after
	Mutating Asn 155 in Subtilisin},
  journal = {Nature},
  year = {1987},
  volume = {328},
  pages = {551},
}

@UNPUBLISHED{Rappe00,
  author = {A. K. Rapp\'e and Goddard, III, W. A.},
  note = {Unpublished},
}

@ARTICLE{Rappe92,
  author = {A. K. Rapp{\'e} and C. J. Casewit and K. S. Colwell and Goddard~III,
	W. A. and W. M. Skiff},
  title = {UFF, a Full Periodic Table Force Field for Molecular Mechanics and
	Molecular Dynamics Simulations},
  journal = JACS,
  year = {1992},
  volume = {114},
  pages = {10024},
}

@ARTICLE{Rappe93,
  author = {A. K. Rapp{\'e} and K. S. Colwell and C. J. Casewit},
  title = {Application of a Universal Force Field to Metal Complexes},
  journal = {Inorganic Chemistry},
  year = {1993},
  volume = {32},
  pages = {3438},
}

@ARTICLE{Rappe81,
  author = {A. K. Rapp{\'e} and T. A. Smedley and Goddard, III, William A.},
  title = {The Shape and Hamiltonian Consistent ({SHC}) Effective Potentials},
  journal = {Journal of Physical Chemistry},
  year = {1981},
  volume = {85},
  pages = {1662},
}

@ARTICLE{Rappe91,
  author = {Anthony K. Rapp{\'e} and Goddard~III, William A.},
  title = {Charge Equilibration for Molecular Dynamics Simulations},
  journal = {Journal of Physical Chemistry},
  year = {1991},
  volume = {95},
  pages = {3358},
}

@ARTICLE{Rashin90,
  author = {A. A. Rashin},
  title = {Hydration Phenomena, Classical Electrostatics, and the Boundary Element
	Method},
  journal = {Journal of Physical Chemistry},
  year = {1990},
  volume = {94},
  pages = {1725},
}

@ARTICLE{Rashin94,
  author = {A. A. Rashin and M. A. Bukatin and J. Andzelm and A. T. Hagler},
  title = {Incorporation of Reaction Field Effects into Density Functional Calculations
	for Molecules of Arbitrary Shape in Solution},
  journal = {Biophysical Chemistry},
  year = {1994},
  volume = {51},
  pages = {375},
}

@ARTICLE{Rashin85,
  author = {A. A. Rashin and Barry Honig},
  title = {Reevaluation of the Born model of ion hydration},
  journal = {Journal of Physical Chemistry},
  year = {1985},
  volume = {89},
  pages = {5588},
}

@ARTICLE{Rashin94a,
  author = {A. A. Rashin and Y. Young and T. A. Topol},
  title = {Quantitative evaluation of hydration thermodynamics with a continuum
	model},
  journal = {Biophysical Chemistry},
  year = {1994},
  volume = {51},
  pages = {359},
}

@ARTICLE{Rasmussen91,
  author = {R. Rasmussen and D. Benvegnu and Albert O'Shea and P. S. Kim},
  title = {X-Ray Scattering Indicates that the Leucine Zipper is a Coiled Coil},
  journal = PNAS,
  year = {1991},
  volume = {88},
  pages = {561-564},
}

@ARTICLE{Redondo81,
  author = {A. Redondo and Goddard, III, W. A. and C. A. Swartsand T. C. McGill},
  journal = {J. Vac. Sci. Technol.},
  year = {1981},
  volume = {19},
  pages = {498},
}

@ARTICLE{Redondo76,
  author = {A. Redondo and Goddard, III, W.A. and T. C. McGilland G. T. Surratt},
  journal = {Solid State Chemistry},
  year = {1976},
  volume = {20},
  pages = {733},
}

@ARTICLE{Redondo77,
  author = {Anthony Redondo and Goddard, III, William A. and Thomas C. McGill},
  title = {Ab Intio Effective Potentials for Silicon},
  journal = PRB,
  year = {1977},
  volume = {15},
  pages = {5038},
}

@ARTICLE{Reimer82,
  author = {J. R. Reimer and R. O. Watts and M. L. Klein},
  title = {Intermolecular Potential Functions and the Properties of Water},
  journal = {Chemical Physics},
  year = {1982},
  volume = {64},
  pages = {95},
}

@ARTICLE{Rick96,
  author = {Steven W. Rick and B. J. Berne},
  title = {Dynamical Fluctuating Charge Force Fields: The Aqueous Solvation
	of Amides},
  journal = JACS,
  year = {1996},
  volume = {118},
  pages = {672},
}

@ARTICLE{Rick94,
  author = {Steven W. Rick and B. J. Berne},
  title = {The Aqueous Solvation of Water: A Comparison of Continuum Methods
	with Molecular Dynamics},
  journal = JACS,
  year = {1994},
  volume = {116},
  pages = {3949},
}

@ARTICLE{Rick94a,
  author = {Steven W. Rick and Steven J. Stuart and B. J. Berne},
  title = {Dynamical Fluctuating Charge Force Fields: Application to Liquid
	Water},
  journal = JCP,
  year = {1994},
  volume = {101},
  pages = {6141},
}

@ARTICLE{Rinaldi73,
  author = {D. Rinaldi and J. L. Rivail},
  journal = {Theoretica Chimica Acta},
  year = {1973},
  volume = {32},
  pages = {57},
}

@ARTICLE{Rinaldi92,
  author = {D. Rinaldi and J. L. Rivail and N. Rguini},
  journal = JCC,
  year = {1992},
  volume = {13},
  pages = {675},
}

@ARTICLE{Ringnalda90,
  author = {Murco N. Ringnalda and M. Belhadj and Richard A. Friesner},
  title = {Pseudospectral {Hartree}-{Fock} Theory: Applications and Algorithmic
	Improvements},
  journal = JCP,
  year = {1990},
  volume = {93},
  pages = {3397},
}

@MANUAL{Ringnalda93,
  title = {PS-GVB version 1.00},
  author = {Murco N. Ringnalda and Jean-Marc Langlois and B. H. Greeley and Thomas
	J. Russo and Richard P. Muller and Bryan Marten and Yongdo Won and
	Donnelly, Jr., Robert E. and W. T. Pollard Gregory H. Miller and
	Goddard, III, William A. and Richard A. Friesner},
  address = {Pasadena},
  year = {1993},
  publisher = {Schrodinger, Inc.},
}

@MANUAL{Ringnalda97,
  title = {Jaguar v3.0},
  author = {Murco N. Ringnalda and Jean-Marc Langlois and Robert B. Murphy and
	Burnham H. Greeley and Christian Cortis and Thomas V. Russo and Bryan
	Marten and Donnelly,~Jr., Robert E. and W.~Thomas Pollard and Yixiang
	Cao and Richard P. Muller and Daniel T. Mainz and Julie R. Wright
	and Gregory H. Miller and Goddard~III, William A. and Richard A.
	Friesner},
  address = {Portland, Oregon},
  year = {1997},
  publisher = {Schr{\"{o}}dinger, Inc.},
}

@MANUAL{Ringnalda96,
  title = {PS-GVB v2.3},
  author = {Murco N. Ringnalda and Jean-Marc Langlois and Robert B. Murphy and
	Burnham H. Greeley and Christian Cortis and Thomas V. Russo and Bryan
	Marten and Donnelly,~Jr., Robert E. and W.~Thomas Pollard and Yixiang
	Cao and Richard P. Muller and Daniel T. Mainz and Julie R. Wright
	and Gregory H. Miller and Goddard~III, William A. and Richard A.
	Friesner},
  address = {Portland, Oregon},
  year = {1996},
  publisher = {Schr{\"{o}}dinger, Inc.},
}

@ARTICLE{Ringnalda90a,
  author = {Murco N. Ringnalda and Youngdo Won and Richard A. Friesner},
  title = {Pseudospectral {Hartree}-{Fock} Calculations on Glycine},
  journal = JCP,
  year = {1990},
  volume = {92},
  pages = {1163},
}

@INCOLLECTION{Rivail96,
  author = {J. L. Rivail and D. Rinaldi},
  title = {Liquid-State Quantum Chemistry: Computational Applications of the
	Polarizable Continuum Models},
  booktitle = {Computational Chemistry: Reviews of Current Trends},
  publisher = {World Scientific},
  year = {1996},
  editor = {Leszczynski, J.},
  address = {Singapore},
}

@ARTICLE{Rivail76,
  author = {J. L. Rivail and D. Rinaldi},
  journal = JCC,
  year = {1976},
  volume = {18},
  pages = {223},
}

@ARTICLE{Rogers86,
  author = {N. K. Rogers},
  title = {The Modeling of Elecstrostatic Interactions in the Function of Globular
	Proteins},
  journal = {Progress in Biophysical Molecular Biology},
  year = {1986},
  volume = {48},
  pages = {37},
}

@ARTICLE{Root93,
  author = {Daniel M. Root and Clark R. Landis and Thomas Cleveland},
  title = {Valence Bond Concepts Appliced to the Molecular Mechanics Description
	of Molecular Shapes. 1. Application to Nonhypervalent Molecules of
	the P-Block},
  journal = JACS,
  year = {1993},
  volume = {115},
  pages = {4201},
}

@ARTICLE{Roothan51,
  author = {Roothan, C.C.J.},
  title = {New Developments in Molecular Orbital Theory},
  journal = {Reviews of Modern Physics},
  year = {1951},
  volume = {23},
  pages = {69},
}

@ARTICLE{Rullmann89,
  author = {J. A. Rullmann and M. N. Bellido and P. van Duijnen},
  title = {The Active Site of Papain. All-Atom Study of Interactions with Protein
	Matrix and Solvent},
  journal = {Journal of Molecular Biology},
  year = {1989},
  volume = {206},
  pages = {101},
}

@ARTICLE{Russell87,
  author = {A. J. Russell and Alan R. Fersht},
  title = {Rational Modification of Enzyme Catalysis by Engineering Surface
	Charge},
  journal = {Nature},
  year = {1987},
  volume = {328},
  pages = {496},
}

@ARTICLE{Russell85,
  author = {S. T. Russell and Arieh Warshel},
  title = {Calculations of Electrostatic Energies in Proteins; The Energetics
	of Ionized Groups in Bovine Pancreatic Tripsin Inhibitor},
  journal = {Journal of Molecular Biology},
  year = {1985},
  volume = {185},
  pages = {389},
}

@PHDTHESIS{Russo92,
  author = {Thomas Vincent Russo},
  title = {New Numerical Methods for the Treatment of Large Problems},
  school = {Columbia University},
  year = {1992},
}

@ARTICLE{Saito92,
  author = {M. Saito and O. Sugino and A. Oshiyama},
  journal = PRB,
  year = {1992},
  volume = {46},
  pages = {2606},
}

@INCOLLECTION{scfc94,
  author = {D. R. Salahub and M. Castro and R. Fournier and P. Calaminici and
	N. Godbout and A. Goursot and C. Jamorski and H. Kobayashi and A.
	Martinez and I. Papai and E. Proynov and N. Russo and S. Sirois and
	A. Ushio and A. Vela},
  title = {Density Functional Description of Metal-Metal and Metal-Ligand Bonds},
  booktitle = {Theoretical and Computational Approaches to Interface Phenomena},
  publisher = {Plenum Press},
  year = {1994},
  editor = {H. Sellers and J. T. Golab},
  pages = {187},
  address = {New York},
}

@ARTICLE{Sali89,
  author = {A. Sali and B. Veerapandian and J. B. Cooper and S. I. Foundling
	and D. J. Hoover and T. L. Blundell},
  title = {High-Resolution {X}-ray Diffraction Study of the Complex Between
	Endothiapepsin and an Oligopeptide Inhibitor: The Analysis of the
	Inhibitor Binding and Description of the Rigid Body Shift in the
	Enzyme},
  journal = {EMBO Journal},
  year = {1989},
  volume = {8},
  pages = {2179},
}

@BOOK{Sanderson76,
  title = {Chemical Bonds and Bond Energy},
  publisher = {Academic Press},
  year = {1976},
  author = {R. T. Sanderson},
  address = {New York},
  edition = {2},
}

@ARTICLE{Sanderson51,
  author = {R. T. Sanderson},
  title = {An Interpretation of Bond Lengths and a Classification of Bonds},
  journal = SCI,
  year = {1951},
  volume = {114},
  pages = {670},
}

@ARTICLE{Savin98,
  author = {A. Savin and Cyrus J. Umrigar and Xavier Gonze},
  title = {Relationship of {K}ohn-{S}ham eigenvalues to excitation energies},
  journal = CPL,
  year = {1998},
  volume = {288},
  pages = {391},
}

@ARTICLE{Schikora96,
  author = {D. Schikora and M. Hankeln and D. J. As andK. Lischka and T. Litz
	and A. Waag and T. Buhrowand F. Henneberger},
  journal = {Phys. Rev. B},
  year = {1996},
  volume = {54},
  pages = {R8381},
}

@ARTICLE{Schlegel92,
  author = {H. Bernard Schlegel},
  title = {A Comparison of Geometry Optimization with Internal, Cartesian, and
	Mixed Coordinates},
  journal = {International Journal of Quantum Chemistry: Quantum Chemistry Symposia},
  year = {1992},
  volume = {26},
  pages = {243},
}

@ARTICLE{Schlegel94,
  author = {H. Bernard Schlegel},
  title = {Estimating the Hessian for Gradient-Type Geometry Optimizations},
  journal = {Theoretica Chimica Acta},
  year = {1984},
  volume = {66},
  pages = {333},
}

@MANUAL{Schmidt95,
  title = {{GAMESS} Program Suite},
  author = {Michael W. Schmidt and K. K. Baldridge and J. A. Boatz and J. H.
	Jensen and S. Doseki and Michael S. Gordon K. A. Nguyen and T. L.
	Windus and S. T. Elbert},
  year = {1995},
  publisher = {Iowa State University},
}

@ARTICLE{Schmitz90,
  author = {Lawrence R. Schmitz and Norman L. Allinger},
  title = {Molecular Mechanics Calculations (MM3) on Aliphatic Amines},
  journal = JACS,
  year = {1990},
  volume = {112},
  pages = {8307},
}

@ARTICLE{Schropp97,
  author = {Schropp, {R.E.I.} and Feenstra, {K.E.} and Molenbroek, {E.C.} and
	Meiling, H. and Rath, {J.K.}},
  title = {Device-quality polycrystalline and amorphous silicon films by hot-wire
	chemical vapour deposition},
  journal = {Philosophical Magazine B},
  year = {1997},
  volume = {76},
  pages = {309--321},
  number = {3},
}

@ARTICLE{Schweins95,
  author = {Thomas Schweins and M. Geyer and K. Scheffzek and Arieh Warshel and
	H. R. Kalbitzer and A. Wittinghofer},
  title = {Substrate-assisted Catalysis as a Mechanism for {GTP} Hydrolysis
	of p21 ras and Other {GTP}-binding Proteins},
  journal = {Nature Structural Biology},
  year = {1995},
  volume = {2},
  pages = {36},
  number = {1},
}

@ARTICLE{Schweins94,
  author = {Thomas Schweins and Ralf Langen and Arieh Warshel},
  title = {Why Have Mutagenesis Studies Not Located the General Base in ras
	p21},
  journal = {Nature Structural Biology},
  year = {1994},
  volume = {1},
  pages = {476},
}

@ARTICLE{Schweins94a,
  author = {Thomas Schweins and A. Wittinghofer},
  title = {{GTP}-Binding Proteins: Structures, interactions, and relationships},
  journal = {Current Biology},
  year = {1994},
  volume = {4},
  pages = {547},
}

@MANUAL{Quest,
  title = {Quest},
  author = {Mark P. Sears and Peter A. Schultz and PeterJ. Feibelman},
  address = {Albuquerque, New Mexico},
  year = {1998},
  publisher = {Sandia National Laboratories},
}

@ARTICLE{Sehgal95,
  author = {A. Sehgal and L. Shao and Jiali Gao},
  title = {Transition structure and substituent effects on aqueous acceeleration
	of the Claisen rearrangement},
  journal = JACS,
  year = {1995},
  volume = {117},
  pages = {11337},
}

@article{Seidl00,
  author = {M. Seidl and J. P. Perdew and S. Kurth},
  title = {Simulation of all-order density-functional perturbation
                  theory, using the second order and the
                  strong-correlation limit},
  journal = PRL,
  year = 2000,
  volume = 84, 
  pages = 5070,
}

@BOOK{Serjeant79,
  title = {Ionization Constants of Organic Acids in Aqueous Solution},
  publisher = {Pergamon Press},
  year = {1979},
  author = {E. P. Serjeant and B. Dempsey},
  series = {IUPAC Chemical Data Series, No. 23},
  address = {Oxford},
}

@MANUAL{Sharon73,
  title = {{QC}-{FF}/{ALL}},
  author = {R. Sharon and Arieh Warshel},
  address = {University of Southern California},
  year = {1973},
}

@ARTICLE{Sharp90,
  author = {Kim A. Sharp and Barry Honig},
  title = {Electrostatic Interactions in Macromolecules: Theory and Applications},
  journal = {Annual Review of Biophysics and Biophysical Chemistry},
  year = {1990},
  volume = {19},
  pages = {301},
}

@INCOLLECTION{Shavitt77,
  author = {Isaiah Shavitt},
  booktitle = {Methods of Electronic Structure Theory},
  publisher = {Plenum Press},
  year = {1977},
  editor = {Schaefer, III, Henry F.},
  volume = {3},
  series = {Modern Theoretical Chemistry},
  pages = {189},
  address = {New York},
}

@ARTICLE{Shavitt63,
  author = {Isaiah Shavitt},
  title = {The Gaussian Function in Calculations of Statistical Mechanics and
	Quantum Mechanics},
  journal = {Methods in Computational Physics},
  year = {1963},
  volume = {2},
  pages = {1},
}

@ARTICLE{Shepard82,
  author = {R. Shepard and I. Shavitt and J. Simons},
  title = {Comparison of the Convergence Characteristics of some Iterative Wave
	Function Optimization Methods},
  journal = JCP,
  year = {1982},
  volume = {76},
  pages = {543},
}

@ARTICLE{Sichel67,
  author = {J. M. Sichel and M. A. Whitehead},
  journal = {Theoretica Chimica Acta},
  year = {1967},
  volume = {7},
  pages = {32},
}

@INCOLLECTION{Siegbahn96,
  author = {Per E. M. Siegbahn},
  title = {Electronic-Structure Calculations for Molecules Containing Transition-Metals},
  booktitle = {New Methods in Computational Quantum Mechanics},
  publisher = {Wiley},
  year = {1996},
  editor = {I. Prigogine and Stuart A. Rice},
  volume = {XCIII},
  series = {Advances in Chemical Physics},
  pages = {333},
  address = {New York},
}

@ARTICLE{Simon96,
  author = {M. Simon},
  title = {Green Cars Go Farther With Graphite},
  journal = {New Scientist},
  year = {1996},
  volume = {2061},
  pages = {20},
}

@ARTICLE{Simons83,
  author = {Jack Simons and Poul J{\o}rgensen and Hugh Taylor and Judy Ozment},
  title = {Walking on Potential Energy Surfaces},
  journal = {Journal of Physical Chemistry},
  year = {1983},
  volume = {87},
  pages = {2745},
}

@ARTICLE{Singh88,
  author = {U. C. Singh},
  title = {Probing the Salt Bridge in the Dihydrofolate Reductase-Methotrexate
	Complex by Using the Coordinate-Coupled Free-Energy Perturbation
	Method},
  journal = PNAS,
  year = {1988},
  volume = {85},
  pages = {4280},
}

@ARTICLE{Singh86,
  author = {U. C. Singh and Peter A. Kollman},
  title = {A Combined \emph{Ab Initio} Quantum Mechanical and Molecular Mechanical
	Method for Carrying Out Simulations on Complex Molecular Systems},
  journal = JCC,
  year = {1986},
  volume = {7},
  pages = {718},
}

@ARTICLE{Slater51,
  author = {John C. Slater},
  title = {A Simplification of the {H}artree-{F}ock Method},
  journal = PR,
  year = {1951},
  volume = {81},
  pages = {385-390},
}

@ARTICLE{Slater54,
  author = {John C. Slater and G. F. Koster},
  title = {Simplified LCAO Method for the Periodic Potential Problem},
  journal = PR,
  year = {1954},
  volume = {94},
  pages = {1498-1524},
}

@ARTICLE{Sprik91,
  author = {M. Sprik},
  title = {Hydrogen Bonding and the Static Dielectric Constant in Liquid Water},
  journal = {Journal of Physical Chemistry},
  year = {1991},
  volume = {95},
  pages = {6762},
}

@ARTICLE{St-Amant90,
  author = {Alain St.-Amant and D. R. Salahub},
  title = {deMon program},
  journal = CPL,
  year = {1990},
  volume = {169},
  pages = {387},
}

@ARTICLE{Stadele97,
  author = {Martin Stadele and J. A. Majewski and P. Vogl and Andreas G\"{o}rling},
  title = {Exact {K}ohn-{S}ham exchange potential in semiconductors},
  journal = PRL,
  year = {1997},
  volume = {79},
  pages = {2089},
}

@ARTICLE{Stadele99,
  author = {Martin Stadele and J. A. Majewski and P. Vogl and Andreas G\"{o}rling},
  title = {Exact exchange {K}ohn-{S}ham formalism applied to semiconductors},
  journal = PRB,
  year = {1999},
  volume = {59},
  pages = {10031},
}

@ARTICLE{Stadele00,
  author = {Martin Stadele and Richard M. Martin},
  title = {Metallization of Molecular Hydrogen: Predictions from Exact-Exchange
	Calculations},
  journal = PRL,
  year = {2000},
  volume = {84},
  pages = {6070},
}

@ARTICLE{Stanton95b,
  author = {Robert V. Stanton and S. L. Dixon and Merz, Jr., Kenneth M.},
  title = {General Formulation for a Quantum Free Energy Perturbation Study},
  journal = {Journal of Physical Chemistry},
  year = {1995},
  volume = {99},
  pages = {10701},
}

@ARTICLE{Stanton95a,
  author = {Robert V. Stanton and D. S. Hartsough and Merz, Jr., Kenneth M.},
  title = {An Examination of a Density Functional/Molecular Mechanical Coupled
	Potential},
  journal = JCC,
  year = {1995},
  volume = {16},
  pages = {113},
}

@ARTICLE{Stanton93,
  author = {Robert V. Stanton and D. S. Hartsough and Merz, Jr., Kenneth M.},
  title = {Calculation of Solvation Free Energies Using a Density Functional/Molecular
	Dynamics Coupled Potential},
  journal = {Journal of Physical Chemistry},
  year = {1993},
  volume = {97},
  pages = {11868},
}

@ARTICLE{Stanton95,
  author = {Robert V. Stanton and L. R. Little and Merz, Jr., Kenneth M.},
  title = {An Examination of a {Hartree}-{Fock}/Molecular Mechanical Coupled
	Potential},
  journal = {Journal of Physical Chemistry},
  year = {1995},
  volume = {99},
  pages = {17344},
}

@ARTICLE{Stefanovich96,
  author = {E. V. Stefanovich and Thanh N. Truong},
  title = {Embedded density functional approach for calculations of adsorption
	on ionic crystals},
  journal = JCP,
  year = {1996},
  volume = {104},
  pages = {2946},
}

@ARTICLE{Stefanovich95,
  author = {E. V. Stefanovich and Thanh N. Truong},
  title = {Optimized atomic radii for quantum dielectric continuum solvation
	models},
  journal = CPL,
  year = {1995},
  volume = {244},
  pages = {65},
}

@ARTICLE{Steitz93,
  author = {T. A. Steitz and J. A. Steitz},
  title = {A General Two-Metal-Ion Mechanism for Catalytic {RNA}},
  journal = PNAS,
  year = {1993},
  volume = {90},
  pages = {6498},
}

@ARTICLE{Still90,
  author = {C. S. Still and A. Tempczyk and R. C. Hawley and T. Hendrickson},
  title = {Semianalytical Treatment of Solvation for Molecular Mechanics and
	Dynamics},
  journal = JACS,
  year = {1990},
  volume = {112},
  pages = {6127},
}

@ARTICLE{Straatsma92,
  author = {T. P. Straatsma and J. A. McCammon},
  title = {Computational Alchemy},
  journal = {Annual Review of Physical Chemistry},
  year = {1992},
  volume = {43},
  pages = {407},
}

@article{Strachan03,
  author = {Alejandro Stranchan and Adri C. T. van Duin and Debashis
            Chakraborty and Siddharth Dasgupta and William A. Goddard},
  title = {Shock Waves in High-Energy Materials: The Initial Chemical 
           Events in Nitramine RDX},
  journal = PRL,
  year = 2003,
  volume = 91, 
  pages = 98301,
}

@ARTICLE{Straub94,
  author = {J. E. Straub and C. Lim and Martin Karplus},
  title = {Simulation Analysis of the Binding Interactions in the RNAse-{A}
	e'-{UMP} Enzyme-Product Complex as a Function of pH},
  journal = JACS,
  year = {1994},
  volume = {116},
  pages = {2591},
}

@ARTICLE{Strite92,
  author = {S. Strite and H. Morkoc},
  journal = {J. Vac. Sci. Technol. B},
  year = {1992},
  volume = {10},
  pages = {1237},
}

@BOOK{Stroud71,
  title = {Approximate Calculation of Multiple Integrals},
  publisher = {Prentice-Hall},
  year = {1987},
  author = {A. H. Stroud},
  address = {Englewood Cliffs, N.J.},
}

@BOOK{Stryer88,
  title = {Biochemistry},
  publisher = {W. H. Freeman and Company},
  year = {1988},
  author = {L. Stryer},
  address = {New York, N.Y.},
}

@UNPUBLISHED{Stumpf90,
  author = {R. Stumpf and X. Gonze and M. Scheffler},
  title = {Fritz-Haber-Institut Research Report No. 1},
  note = {Unpublished},
  year = {1990},
}

@ARTICLE{Suguna87,
  author = {K. Suguna and E. A. Padlan and C. W. Smith and W. D. Carlson and
	D. R. Davies},
  title = {Binding of a Reduced Peptide Inhibitor to the Aspartic Proteinase
	from Rhizopus chinensis: Implications for a Mechanism of Action},
  journal = PNAS,
  year = {1987},
  volume = {84},
  pages = {7009},
}

@ARTICLE{Swarts80,
  author = {C. A. Swarts and Goddard, III, W. A. andT. C. McGill},
  journal = {J. Vac. Sci. Technol.},
  year = {1980},
  volume = {17},
  pages = {982},
}

@ARTICLE{Swarts81,
  author = {C. A. Swarts and T. C. McGill and Goddard, III,W. A.},
  journal = {Surf. Sci.},
  year = {1981},
  volume = {110},
  pages = {400},
}

@ARTICLE{Swope82,
  author = {W. C. Swope and H. C. Andersen and P. H. Berens and K. R. Wilson},
  title = {A Computer Simulation Method for the Calculation of Equilibrium Constants
	for the Formation of Physical Clusters of Molecules: Application
	to Small Water Clusters},
  journal = JCP,
  year = {1982},
  volume = {76},
  pages = {637},
}

@BOOK{Szabo82,
  title = {Modern Quantum Chemistry},
  publisher = {McGraw-Hill},
  year = {1982},
  author = {Atilla Szabo and Neil S. Ostlund},
  address = {New York},
}

@ARTICLE{Szafran93,
  author = {Miroslaw Szafran and Mati M. Karelson and Alan R. Katritzky and Jacek
	Koput and Michael C. Zerner},
  title = {Reconsideration of Solvent Effects Calculated by Semiempirical Quantum
	Chemical Methods},
  journal = JCC,
  year = {1993},
  volume = {14},
  pages = {371},
}

@BOOK{Szasz85,
  title = {Pseudopotential Theory of Atoms and Molecules},
  publisher = {Wiley},
  year = {1985},
  author = {Szasz, L.},
  address = {New York},
}

@ARTICLE{Saebo93a,
  author = {S. S{\ae}b{\o} and P. Pulay},
  journal = {Annual Review of Physical Chemistry},
  year = {1993},
  volume = {44},
  pages = {213},
}

@ARTICLE{Saebo88,
  author = {Svein S{\ae}b{\o} and Peter Pulay},
  title = {The Local Correlation Treatment. II. Implementation and Tests},
  journal = JCP,
  year = {1988},
  volume = {88},
  pages = {1884},
}

@ARTICLE{Saebo87,
  author = {Svein S{\ae}b{\o} and Peter Pulay},
  title = {Fourth-Order M{\o}ller-Plesset Perturbation Theory in the Local Correlation
	Treatment. I. Method},
  journal = JCP,
  year = {1987},
  volume = {86},
  pages = {914},
}

@ARTICLE{Saebo85,
  author = {Svein S{\ae}b{\o} and Peter Pulay},
  title = {Local Configuration Interaction: An Efficient Approach for Larger
	Molecules},
  journal = PRL,
  year = {1985},
  volume = {113},
  pages = {13},
}

@ARTICLE{Saebo93,
  author = {Svein S{\ae}b{\o} and Wen Tong and Peter Pulay},
  title = {Efficient Elimination of Basis Set Superposition Errors by the Local
	Correlation Method: Accurate Ab Initio Studies of the Water Dimer},
  journal = JCP,
  year = {1993},
  volume = {98},
  pages = {2170},
}

@ARTICLE{Tai93,
  author = {Julia C. Tai and Linrong Yang and Norman L. Allinger},
  title = {Molecular Mechanics (MM3). Calculations on Nitrogen-Containing Aromatic
	Heterocycles},
  journal = JACS,
  year = {1993},
  volume = {115},
  pages = {11906},
}

@ARTICLE{Taira91,
  author = {K. Taira and T. Uchimaru and K. Tanabe and M. Uebayasi},
  title = {Rate Limiting {P}-{O}(5') Bond Cleavage of {RNA} Fragment: \emph{Ab
	Initio} Molecular Orbital Calculations on the Base-Catalyzed Hydrolysis
	of Phosphate},
  journal = {Nucleic Acid Research},
  year = {1991},
  volume = {19},
  pages = {2747},
}

@ARTICLE{Takano81,
  author = {T. Takano and R. E. Dickerson},
  title = {Conformation Change of Cytochrome c. {I}. Ferrocytochrome c Structure
	Refined at 1.5 {\AA} Resolution},
  journal = {Journal of Molecular Biology},
  year = {1981},
  volume = {153},
  pages = {79},
}

@ARTICLE{Takano81a,
  author = {T. Takano and R. E. Dickerson},
  title = {Conformation Change of Cytochrome c. {II}. Ferricytochrome c Refinement
	at 1.8 {\AA} and Comparison With the Ferrocytochrome Structure},
  journal = {Journal of Molecular Biology},
  year = {1981},
  volume = {153},
  pages = {95-115},
}

@ARTICLE{Taketa66,
  author = {Hiroshi Taketa and Sigeru Huzinaga and Kiyosi O-ohata},
  title = {Gaussian Expansions Methods for Molecular Integrals},
  journal = {Journal of the Physical Society of Japan},
  year = {1966},
  volume = {21},
  pages = {2313},
}

@ARTICLE{Talman76,
  author = {J. D. Talman and W. F. Shadwick},
  title = {Optimized effective atomic central potential},
  journal = PRA,
  year = {1976},
  volume = {14},
  pages = {36},
}

@ARTICLE{Tannor94,
  author = {D. J. Tannor and Bryan Marten and R. Murphy and Richard A. Friesner
	and A. Nicholls and Barry Honig},
  title = {Accurate First Principles Calculations of Molecular Charge Distribution
	and Solvation Energies From \emph{ab initio} Quantum Mechanics and
	Continuum Dielectric Theory},
  journal = JACS,
  year = {1994},
  volume = {116},
  pages = {11875},
}

@ARTICLE{Tapia91,
  author = {Tapia, O.},
  journal = {Journal of Molecular Structure},
  year = {1991},
  volume = {226},
  pages = {59},
}

@ARTICLE{Tapia75,
  author = {O. Tapia and O. Goscinski},
  title = {Self-Consistent Reaction Field Theory of Solvent Effects},
  journal = {Molecular Physics},
  year = {1975},
  volume = {29},
  pages = {1653},
}

@ARTICLE{Tapia81,
  author = {O. Tapia and B. Johannin},
  title = {An Inhomogeneous Self-Consistent Reaction Field Theory of Protein
	Core Effects. Towards a Quantum Scheme for Describing Enzyme Reactions},
  journal = JCP,
  year = {1981},
  volume = {75},
  pages = {3624},
}

@ARTICLE{Tapia80,
  author = {O. Tapia and B. Silvi},
  journal = {Journal of Physical Chemistry},
  year = {1980},
  volume = {84},
  pages = {1646},
}

@ARTICLE{Thery94,
  author = {V. Thery and D. Rinaldi and J. L. Rivail and B. Maigret and G. G.
	Ferenczy},
  title = {Quantum Mechanical Computations on Very Large Molecular Systems:
	The Local Self-Consistent Field Method},
  journal = JCC,
  year = {1994},
  volume = {15},
  pages = {269},
}

@BOOK{Thijssen99,
  title = {Computational Physics},
  publisher = {Cambridge University Press},
  year = {1999},
  author = {J. M. Thijssen},
  address = {Cambridge, UK},
}

@article{Thomas27,
  author = {L. H. Thomas},
  title = {The calculation of atomic fields},
  journal = {Proc. Cambridge Philos. Soc.},
  volume = {23},
  pages = {542},
  year = {1927},
}

@ARTICLE{Thompson95,
  author = {Thompson, M.A.},
  title = {Hybrid Quantum Mechanical/Molecular Mechanical Force Field Development
	for Large Flexible Molecules: a Molecular Dynamics Study of 18-Crown-6},
  journal = {Journal of Physical Chemistry},
  year = {1995},
  volume = {99},
  pages = {4794},
}

@ARTICLE{Thompson95a,
  author = {Mark A. Thompson and G. K. Schenter},
  title = {Excited states of the bacteriochlorophyll b dimer of Rhodopseudomonas
	viridis: a {QM}/{MM} study of the photosynthetic reaction center
	that includes {MM} polarization},
  journal = {Journal of Physical Chemistry},
  year = {1995},
  volume = {99},
  pages = {6374},
}

@ARTICLE{Thompson91,
  author = {Mark A. Thompson and Michael C. Zerner and J. Fajer},
  title = {A Theoretical Examination of the Electronic Structure and Excited
	States of the Bacteriochlorophyll b Dimber From Rhodopseudomonas
	viridis},
  journal = {Journal of Physical Chemistry},
  year = {1991},
  volume = {95},
  pages = {5693},
}

@ARTICLE{Thompson90,
  author = {Mark A. Thompson and Michael C. Zerner and J. Fajer},
  title = {Electronic Structure of Bacteriochlorophyll Dimers; Bacteriochlorin
	Models},
  journal = {Journal of Physical Chemistry},
  year = {1990},
  volume = {94},
  pages = {3820},
}

@ARTICLE{Thompson94,
  author = {Michael A. Thompson and E. D. Glendening and D. Feller},
  title = {The Nature of {K}+/Crown Ether Interactions: a Hybrid Quantum Mechanical
	Molecular Mechanical Study},
  journal = {Journal of Physical Chemistry},
  year = {1994},
  volume = {98},
  pages = {10465},
}

@ARTICLE{Truong95,
  author = {Thanh N. Truong and E. V. Stefanovich},
  title = {A New Method for Iincorporating Solvent Effect into the Classical,
	\emph{Ab Initio} Molecular Orbital and Density Functional Theory
	Frameworks for Abitrary Shape Cavity},
  journal = CPL,
  year = {1995},
  volume = {240},
  pages = {253},
}

@ARTICLE{Truong95a,
  author = {Thanh N. Truong and E. V. Stefanovich},
  title = {Analytical First and Second Energy Derivatives of the Generalized
	Conductorlike Screening Model for Free Energy of Solvation},
  journal = JCP,
  year = {1995},
  volume = {103},
  pages = {3709},
}

@ARTICLE{Tuckerman95,
  author = {M. Tuckerman and K. Laasonen and M. Sprik and Michel Parrinello},
  title = {\emph{Ab Initio} Molecular Dynamics Simulation of the Solvation and
	Transport of H3O+ and {OH}- Ions in Water},
  journal = {Journal of Physical Chemistry},
  year = {1995},
  volume = {99},
  pages = {5749},
}

@ARTICLE{Tunon95,
  author = {I. Tunon and M. T. C. Martins-Costa and C. Millot and M. F. Ruiz-Lopez},
  title = {Coupled density functional theory/molecular mechanics Monte Carlo
	simulations of ions in water. The bromide ion.},
  journal = CPL,
  year = {1995},
  volume = {241},
  pages = {450},
}

@article{Umrigar88,
 author = {C. J. Umrigar and K. G. Wilson and J. W. Wilkins},
 title = {Optimized Trial Wave Functions for Quantum {M}onte {C}arlo Calculations},
 journal = PRL,
 year = {1988},
 volume = {60},
 pages = {1719}
}

@article{Umrigar93,
 author = {C. J. Umrigar and M. P. Nightingale and K. J. Runge},
 title = {A Diffusion Quantum {M}onte {C}arlo Algorithm with 
          Small Time Step Errors},
 journal = JCP,
 year = {1993},
 volume = {99},
 pages = {2865},
}

@article{Umrigar05,
 author = {C. J. Umrigar and C. Filippi},
 title = {Energy and Variance Optimization of Many-Body Wave Functions},
 journal = PRL,
 year = {2005},
 volume = {94},
 pages = {150201},
}

@ARTICLE{Upton79,
  author = {T. H. Upton and Goddard, III, W. A.},
  journal = PRL,
  year = {1979},
  volume = {42},
  pages = {427},
}

@ARTICLE{Vaidehi92,
  author = {Nagarajan Vaidehi and Tomasz A. Wesolowski and Arieh Warshel},
  title = {Quantum-Mechanical Calculations of Solvation Free Energies. {A} Combined
	\emph{ab initio} Pseudopotential Free-Energy Perturbation Approach},
  journal = JCP,
  year = {1992},
  volume = {97},
  pages = {4264},
}

@BOOK{Valleau77,
  title = {Modern Theoretical Chemistry},
  publisher = {Plenum},
  year = {1977},
  editor = {Berne, B.J.},
  author = {J. P. Valleau and G. M. Torrie},
  volume = {5},
  series = {Modern Theoretical Chemistry},
  address = {New York},
  pages = {169},
}

@ARTICLE{Vanderbilt90,
  author = {D. H. Vanderbilt},
  journal = PRB,
  year = {1990},
  volume = {41},
  pages = {7892},
}

@ARTICLE{Veerapandian90,
  author = {B. Veerapandian and J. B. Cooper and A. Sali and T. L. Blundell},
  title = {X-ray analyses of aspartic proteinases. {III}. Three-dimensional
	structure of endothiapepsin complexed with a transition-state isostere
	inhibitor of renin at 1.6 {\AA} Resolution},
  journal = {Journal of Molecular Biology},
  year = {1990},
  volume = {216},
  pages = {1017},
}

@ARTICLE{Verlet67,
  author = {Loup Verlet},
  title = {Computer ``Experiments'' on Classical Fluids. I. Thermodynamical
	Properties of Lennard-Jones Molecules},
  journal = PR,
  year = {1967},
  volume = {159},
  pages = {98},
}

@ARTICLE{Vos88,
  author = {A. M. de Vos and L. Tong and M. Milburn and P. M. Matias and J. Jancarik
	and S. Noguchi and K. Nishimura and K. Miura and E. Ohtsuka and S.
	H. Kim},
  title = {3-Dimensional Structure of an Oncogene Protein: Catalytic domain
	of Human c-{H}-Ras},
  journal = SCI,
  year = {1988},
  volume = {239},
  pages = {888-893},
}

@ARTICLE{Vosko80,
  author = {S. H. Vosko and L. Wilk and M. Nusair},
  title = {Accurate Spin-Dependent Electron Liquid correlation Energies for
	Local Spin Density Calculations: A Critical Analysis},
  journal = {Canadian Journal of Physics},
  year = {1980},
  volume = {58},
  pages = {1200},
}

@ARTICLE{Voth93,
  author = {Gregory A. Voth},
  title = {Feynman Path Integral Formation of Quantum Mechanical Transition-State
	Theory},
  journal = {Journal of Physical Chemistry},
  year = {1993},
  volume = {97},
  pages = {8365},
}

@ARTICLE{Wadt85,
  author = {Willard R. Wadt and P. Jeffrey Hay},
  title = {Ab Initio Effective Core Potentials for Molecular Calculations. Potentials
	for Main Group Elements Na to Bi},
  journal = JCP,
  year = {1985},
  volume = {82},
  pages = {284},
}

@ARTICLE{Waller93,
  author = {C. L. Waller and G. R. Marshall},
  title = {Three-Dimensional Quantitative Structure-Activity Relationship of
	Angiotesin-Converting Enzyme and Thermolysin Inhibitors. {II}. {A}
	Comparison of CoMFA Models Incorporating Molecular Orbital Fields
	and Desolvation Free Energies Based on Active-Analog and Complementary-Receptor-Field
	Alignment Rules},
  journal = {Journal of Medical Chemistry},
  year = {1993},
  volume = {36},
  pages = {2390},
}

@MISC{Walters96,
  author = {W. Patrick Walters and Matthew T. Stahl},
  title = {Babel version 1.3},
  howpublished = {University of Arizona},
  year = {1996},
}

@ARTICLE{Wand85,
  author = {A. J. Wand and W. Englander},
  title = {Two-Dimensional 1H {NMR} Studies of Cytochrome c},
  journal = {Biochemistry},
  year = {1985},
  volume = {24},
  pages = {5290},
}

@BOOK{Hehre94,
  title = {SPARTAN v3.1},
  publisher = {Wavefunction, Inc.},
  year = {1994},
  author = {Warren Hehre, et al},
  address = {Irvine, CA},
}

@INCOLLECTION{Warshel92a,
  author = {Arieh Warshel},
  title = {Simulations of Proton Transfer and Hydride Transfer Reactions in
	Proteins},
  booktitle = {Molecular Aspects of Biotechnology; Computational Models and Theories},
  publisher = {Kluwer Academic Publishers},
  year = {1992},
  editor = {Bertran, J.},
  pages = {175-191},
  address = {The Netherlands},
}

@INCOLLECTION{Warshel90a,
  author = {Arieh Warshel},
  title = {Electrostatic Free Energy as the Fundamental Structure Function Correlation
	in Proteins. Some Perspectives From Microscopic Simulations of Protein
	Functions},
  booktitle = {Modeling of Molecular Structures and Properties},
  publisher = {Elsevier Science Publishers B.V.},
  year = {1990},
  editor = {Rivail, J. L},
  pages = {515},
  address = {Amsterdam, The Netherlands},
}

@INCOLLECTION{Warshel77,
  author = {Arieh Warshel},
  title = {The Consistent Force Field and Its Quantum Mechanical Extension},
  booktitle = {Semiempirical Methods of Electronic Structure Calculation},
  publisher = {Plenum Press},
  year = {1977},
  editor = {Gerald A. Segal},
  volume = {7},
  pages = {133},
  address = {New York},
}

@BOOK{Warshel91b,
  title = {Computer Modeling of Chemical Reactions in Enzymes and Solutions},
  publisher = {John Wiley \& Sons},
  year = {1991},
  author = {Arieh Warshel},
  address = {New York},
}

@ARTICLE{Warshel87a,
  author = {Arieh Warshel},
  title = {What About Protein Polarity?},
  journal = {Nature},
  year = {1987},
  volume = {333},
  pages = {15},
}

@ARTICLE{Warshel84b,
  author = {Arieh Warshel},
  title = {Dynamics of Enzymatic Reactions},
  journal = PNAS,
  year = {1984},
  volume = {81},
  pages = {444},
}

@ARTICLE{Warshel82,
  author = {Arieh Warshel},
  title = {Dynamics of Reactions in Polar Solvents. Semiclassical Trajectory
	Studies of Electron-Transfer and Proton Transfer Reactions},
  journal = {Journal of Physical Chemistry},
  year = {1982},
  volume = {86},
  pages = {2218},
}

@ARTICLE{Warshel81,
  author = {Arieh Warshel},
  journal = {Accounts of Chemical Research},
  year = {1981},
  volume = {14},
  pages = {284},
}

@ARTICLE{Warshel81b,
  author = {Arieh Warshel},
  title = {Calculations of Enzymic Reactions: Calculations of pKa, Proton Transfer
	Reactions, and General Acid Catalysis Reactions in Enzymes},
  journal = {Biochemistry},
  year = {1981},
  volume = {20},
  pages = {3167},
}

@ARTICLE{Warshel79,
  author = {Arieh Warshel},
  title = {Calculations of Chemical Processes in Solution},
  journal = {Journal of Physical Chemistry},
  year = {1979},
  volume = {83},
  pages = {1640},
}

@ARTICLE{Warshel78,
  author = {Arieh Warshel},
  title = {Energetics of enzyme catalysis},
  journal = PNAS,
  year = {1978},
  volume = {75},
  pages = {5250},
}

@ARTICLE{Warshel78a,
  author = {Arieh Warshel},
  title = {A Microscopic Model for Calculations of Chemical Processes in Aqueous
	Solutions},
  journal = CPL,
  year = {1978},
  volume = {55},
  pages = {454},
}

@INCOLLECTION{Warshel94c,
  author = {Arieh Warshel and Zen T. Chu},
  title = {Calculations of Solvation Free Energies in Chemistry and Biology},
  booktitle = {ACS Symposium Series: Structure and Reactivity in Aqueous Solution.
	Characterization of Chemical and Biological Systems},
  year = {1994},
  editor = {Christopher J. Cramer and Donald G. Truhlar},
}

@ARTICLE{Warshel90,
  author = {Arieh Warshel and Zen T. Chu},
  title = {Quantum Corrections for Rate Constants of Diabatic and Adiabatic
	Reactions in Solutions},
  journal = JCP,
  year = {1990},
  volume = {93},
  pages = {4003},
}

@ARTICLE{Warshel94b,
  author = {Arieh Warshel and Zen T. Chu and W. W. Parson},
  title = {On the Energetics of the Primary Electron-Transfer Process in Bacterial
	Reaction Centers},
  journal = {Journal of Photochemistry and Photobiology A},
  year = {1994},
  volume = {82},
  pages = {123},
}

@ARTICLE{Warshel89,
  author = {Arieh Warshel and Zen T. Chu and W. W. Parson},
  title = {Dispersed Polaron Simulations of Electron Transfer in Photosynthetic
	Reaction Centers},
  journal = SCI,
  year = {1989},
  volume = {246},
  pages = {112},
}

@ARTICLE{Warshel83,
  author = {Arieh Warshel and A. K. Churg},
  title = {Converting Structural Changes Upon Oxidation of Cytochrome c to Electrostatic
	Reorganization Energy},
  journal = {Journal of Molecular Biology},
  year = {1983},
  volume = {168},
  pages = {693},
}

@INCOLLECTION{Warshel89c,
  author = {Arieh Warshel and Stephen Creighton},
  title = {Microscopic Free Energy Calculations of Solvated Macromolecules as
	a Primary Structure-Function Correlator and the {MOLARIS} Program},
  booktitle = {Computer Simulation of Biomolecular Systems},
  publisher = {ESCOM},
  year = {1989},
  editor = {Wilfred F. van Gunsteren and P. K. Weiner},
  pages = {120},
  address = {Leiden, The Netherlands},
}

@ARTICLE{Warshel88a,
  author = {Arieh Warshel and Stephen Creighton and W. W. Parson},
  title = {Electron Transfer Pathways in the Primary Event of Bacterial Photosynthesis},
  journal = {Journal of Physical Chemistry},
  year = {1988},
  volume = {92},
  pages = {2696},
}

@ARTICLE{Warshel92,
  author = {Arieh Warshel and Jenn K. Hwang and Johann {\AA}qvist},
  title = {Computer Simulations of Enzymatic Reactions: Examination of Linear
	Free-Energy Relationships and Quantum-Mechanical Corrections in the
	Initial Proton-Transfer Step of Carbonic Anhydrase},
  journal = {Faraday Discussions},
  year = {1992},
  volume = {93},
  pages = {225},
}

@ARTICLE{Warshel85,
  author = {Arieh Warshel and Gregory King},
  title = {Polarization Constraints in Molecular-Dynamics Simulation of Aqueous-Solutions--The
	Surface-Constrained All-Atom Solvent ({SCAAS}) Model},
  journal = CPL,
  year = {1985},
  volume = {121},
  pages = {124},
}

@ARTICLE{Warshel76,
  author = {Arieh Warshel and Michael Levitt},
  title = {Theoretical Studies of Enzymatic Reactions: Dielectric, Electrostatic,
	and Steric Stabilization of the Carbonium Ion in the Reaction of
	Lysozyme},
  journal = {Journal of Molecular Biology},
  year = {1976},
  volume = {103},
  pages = {227},
}

@ARTICLE{Warshel89b,
  author = {Arieh Warshel and G. Naray-Szabo and Freddy Sussman and Jenn K. Hwang},
  title = {How Do Serine Proteases Really Work?},
  journal = {Biochemistry},
  year = {1989},
  volume = {28},
  pages = {3629},
}

@ARTICLE{Warshel95,
  author = {Arieh Warshel and Arno Papazyan and Peter A. Kollman},
  title = {On Low-Barrier Hydrogen Bonds and Enzyme Catalysis},
  journal = SCI,
  year = {1995},
  volume = {269},
  pages = {102},
}

@ARTICLE{Warshel91,
  author = {Arieh Warshel and W. W. Parson},
  title = {Computer Simulations of Electron Transfer Reactions in Solution and
	Photosynthetic Reaction Centers},
  journal = {Annual Review of Physical Chemistry},
  year = {1991},
  volume = {42},
  pages = {279},
}

@ARTICLE{Warshel87,
  author = {Arieh Warshel and W. W. Parson},
  title = {Spectroscopic Properties of Photosynthetic Reaction Centers. {I}.
	Theory},
  journal = JACS,
  year = {1987},
  volume = {109},
  pages = {6143},
}

@ARTICLE{Warshel87b,
  author = {Arieh Warshel and W. W. Parson},
  title = {The Spectroscopic Properties of Photosynthetic Reaction Centers.
	{II}. Application of the Theory of Rhodopseudomonas Viridis},
  journal = JACS,
  year = {1987},
  volume = {109},
  pages = {6152},
}

@ARTICLE{Warshel86a,
  author = {Arieh Warshel and S. T. Russell},
  title = {Theoretical Correlation of Structure and Energetics in the Catalytic
	Reaction of Trypsin},
  journal = JACS,
  year = {1986},
  volume = {108},
  pages = {6569},
}

@ARTICLE{Warshel84,
  author = {Arieh Warshel and S. T. Russell},
  journal = {Quarterly Review of Biophysics},
  year = {1984},
  volume = {17},
  pages = {283},
}

@ARTICLE{Warshel84a,
  author = {Arieh Warshel and S. T. Russell and A. K. Churg},
  title = {Macroscopic Models for Studies of Electrostatic Interactions in Proteins:
	Limitations and Applicability},
  journal = PNAS,
  year = {1984},
  volume = {81},
  pages = {4785},
}

@ARTICLE{Warshel86c,
  author = {Arieh Warshel and S. T. Russell and Freddy Sussman},
  title = {Computer Simulation of Enzymatic Reactions},
  journal = {Israel Journal of Chemistry},
  year = {1986},
  volume = {27},
  pages = {217},
}

@ARTICLE{Warshel94,
  author = {Arieh Warshel and Thomas Schweins and Michael J. Fothergill},
  title = {Linear Free Energy Relationships in Enzymes. Theoretical Analysis
	of the Reaction of Tyrosyl-tRNA Synthetase},
  journal = JACS,
  year = {1994},
  volume = {116},
  pages = {8437},
}

@ARTICLE{Warshel86,
  author = {Arieh Warshel and Freddy Sussman},
  title = {Toward Computer-Aided Site-Directed Mutagenesis of Enzymes},
  journal = PNAS,
  year = {1986},
  volume = {83},
  pages = {3806},
}

@ARTICLE{Warshel88,
  author = {Arieh Warshel and Freddy Sussman and Jenn K. Hwang},
  title = {Evaluation of Catalytic Free Energies in Genetically Modified Proteins},
  journal = {Journal of Molecular Biology},
  year = {1988},
  volume = {201},
  pages = {139},
}

@ARTICLE{Warshel86b,
  author = {Arieh Warshel and Freddy Sussman and Gregory King},
  title = {Free Energy of Charges in Solvated Proteins: Microscopic Calculations
	Using a Reversible Charging Process},
  journal = {Biochemistry},
  year = {1986},
  volume = {25},
  pages = {8368},
}

@ARTICLE{Warshel94a,
  author = {Arieh Warshel and Holly Tao and Michael J. Fothergill and Zen T.
	Chu},
  title = {Effective Methods for Estimation of Binding Energies in Computer-Aided
	Drug Design},
  journal = {Israel Journal of Chemistry},
  year = {1994},
  volume = {34},
  pages = {253},
}

@INCOLLECTION{Warshel82a,
  author = {Arieh Warshel and R. M. Weiss},
  title = {Strain and Electrostatic Contributions to Cooperativity in Hemoglobin},
  booktitle = {Hemoglobin and Oxygen Building},
  publisher = {Elsevier-North Holland},
  year = {1982},
  editor = {Ho, Chien},
  address = {New York},
}

@ARTICLE{Warshel81a,
  author = {Arieh Warshel and R. M. Weiss},
  title = {Empirical Valence Bond Calculations of Enzyme Catalysis},
  journal = {Annals of the New York Academy of Science},
  year = {1981},
  volume = {367},
  pages = {370},
}

@ARTICLE{Warshel80,
  author = {Arieh Warshel and R. M. Weiss},
  title = {An Empirical Valence Bond Approach For Comparing Reactions in Solutions
	and in Enzymes},
  journal = JACS,
  year = {1980},
  volume = {102},
  pages = {6218},
}

@INCOLLECTION{Warshel89d,
  author = {Arieh Warshel and Johann {\AA}qvist},
  title = {Microscopic Simulations of Chemical Processes in Proteins and the
	Role of Electrostatic Free Energy},
  booktitle = {Theoretical Biochemistry and Molecular Biophysics},
  publisher = {Adenine Press},
  year = {1989},
  editor = {D. L. Beveridge and R. Lavery},
  volume = {2},
  pages = {257},
}

@ARTICLE{Warshel91a,
  author = {Arieh Warshel and Johann {\AA}qvist},
  title = {Electrostatic Energy and Macromolecular Function},
  journal = {Annual Review of Biophysics and Biophysical Chemistry},
  year = {1991},
  volume = {20},
  pages = {267},
}

@ARTICLE{Warshel89a,
  author = {Arieh Warshel and Johann {\AA}qvist and Stephen Creighton},
  title = {Enzymes Work by Solvation Substitution Rather Than by Desolvation},
  journal = PNAS,
  year = {1989},
  volume = {86},
  pages = {5820},
}

@ARTICLE{Wasserman96,
  author = {E. Wasserman and L. Stixrude and R. E. Cohen},
  title = {Thermal Properties of Iron at High Pressures and Temperature},
  journal = PRB,
  year = {1996},
  volume = {53},
  pages = {8296},
}

@ARTICLE{Wei94,
  author = {D. Wei and Dennis R. Salahub},
  title = {Hydrated proton clusters and solvent effects on the proton transfer
	barrier: a density functional study},
  journal = JCP,
  year = {1994},
  volume = {101},
  pages = {7633},
}

@ARTICLE{Wei94a,
  author = {D. Wei and Dennis R. Salahub},
  title = {A Combined Density Functional and Molecular Dynamics Simulation of
	a Quantum Water Molecule in Aqueous Solution},
  journal = CPL,
  year = {1994},
  volume = {24},
  pages = {291},
}

@ARTICLE{Weiner84,
  author = {Scott J. Weiner and Peter A. Kollman and David A. Case and Singh,
	{U.~Chandra} and Caterina Ghio and Giuliano Alagona and Salvatore
	{Profeta,~Jr.} and Paul Weiner},
  title = {A New Force Field for Molecular Mechanical Simulation of Nucleic
	Acis and Proteins},
  journal = JACS,
  year = {1984},
  volume = {106},
  pages = {765},
}

@ARTICLE{Weiner86,
  author = {Scott J. Weiner and Peter A. Kollman and D. T. Nguyen and D. A. Case},
  title = {An All Atom Force Field for Simulations of Proteins and Nucleic Acids},
  journal = JCC,
  year = {1986},
  volume = {7},
  pages = {230},
}

@ARTICLE{Weiner85,
  author = {Scott J. Weiner and U. C. Singh and Peter A. Kollman},
  title = {Simulation of Formamide Hydrolysis by Hydroxide Ion in the Gas Phase
	and in Aqueous Solution},
  journal = JACS,
  year = {1985},
  volume = {107},
  pages = {2219},
}

@ARTICLE{Weiss65,
  author = {C. Weiss and H. Kobayashi and Martin Gouterman},
  title = {Spectra of Porphyrins. Part {III}: Self-Consistent Molecular Orbital
	Calculations of Porphyrin and Related Ring Systems},
  journal = {Journal of Molecular Spectroscopy},
  year = {1965},
  volume = {16},
  pages = {415},
}

@ARTICLE{Wells90,
  author = {J. A. Wells},
  title = {Additivity of Mutational Effects in Proteins},
  journal = {Biochemistry},
  year = {1990},
  volume = {29},
  pages = {8509},
}

@ARTICLE{Wells86,
  author = {J. A. Wells and B. C. Cunningham and T. P. Graycar and D. A. Estell},
  title = {Importance of Hydrogen Bond Formation in Stabilizing the Transition
	State of Subtilisin},
  journal = {Philisophical Transactions of the Royal Society of London},
  year = {1986},
  volume = {317},
  pages = {415},
}

@ARTICLE{Werner85,
  author = {H.-J. Werner and P. J. Knowles},
  title = {A Second Order Multiconfiguration {SCF} Procedure with Optimum Convergence},
  journal = JCP,
  year = {1985},
  volume = {82},
  pages = {5053},
}

@ARTICLE{Wesolowski96a,
  author = {Tomasz A. Wesolowski and Richard P. Muller and Arieh Warshel},
  title = {\emph{Ab Initio} Frozen Density Functional Calculations of Proton
	Transfer Reactions in Solution},
  journal = {Journal of Physical Chemistry},
  year = {1996},
  volume = {100},
  pages = {15444},
}

@ARTICLE{Wesolowski94,
  author = {Tomasz A. Wesolowski and Arieh Warshel},
  title = {\emph{Ab Initio} Free Energy Perturbation Calculations of Solvation
	Free Energy Using the Frozen Density Functional Approach},
  journal = {Journal of Physical Chemistry},
  year = {1994},
  volume = {98},
  pages = {5183},
}

@ARTICLE{Wesolowski93,
  author = {Tomasz A. Wesolowski and Arieh Warshel},
  title = {Frozen density functional approach for \emph{ab initio} calculations
	of solvated molecules},
  journal = {Journal of Physical Chemistry},
  year = {1993},
  volume = {97},
  pages = {8050},
}

@ARTICLE{Wesolowski96,
  author = {Tomasz A. Wesolowski and J. Weber},
  title = {{K}ohn-{S}ham Equations with Constrained Electron Density: an Iterative
	Evaluation of the Ground-State Electron Density of Interacting Molecules},
  journal = CPL,
  year = {1996},
  volume = {248},
  pages = {71},
}

@ARTICLE{Westheimer87,
  author = {F. H. Westheimer},
  title = {Why Nature Chose Phosphates},
  journal = SCI,
  year = {1987},
  volume = {235},
  pages = {1173},
}

@ARTICLE{Whitten66,
  author = {Whitten, L.},
  journal = JCP,
  year = {1966},
  volume = {44},
  pages = {359},
}

@ARTICLE{Wilks88,
  author = {H. M. Wilks and K. W. Hart and R. Feeney and C. R. Dunn and H. Muirhead
	and W. N. Chia and D. A. Barstow and T. Atkinson and A. R. Clarke
	and J. J. Holbrook},
  title = {A Specific, Highly Active Maleate Dehydrogenase by Redesign of a
	Lactate Dehydrogenase Framework},
  journal = SCI,
  year = {1988},
  volume = {242},
  pages = {1541},
}

@ARTICLE{Williams89,
  author = {Williams, A.},
  title = {Concerted Mechanisms of Acyl Group Transfer Reactions in Solution},
  journal = {Accounts of Chemical Research},
  year = {1989},
  volume = {22},
  pages = {387},
}

@BOOK{Wilson55,
  title = {Molecular Vibrations},
  publisher = {McGraw-Hill},
  year = {1955},
  author = {E. B. Wilson and J. C. Decius and P. C. Cross},
  address = {New York},
}

@ARTICLE{Wittbrodt96,
  author = {J. M. Wittbrodt and H. B. Schlegel},
  title = {Some reasons not to use spin projected density functional theory},
  journal = JCP,
  year = {1996},
  volume = {105},
  pagges = {6574-6577},
}

@ARTICLE{Wladkowski95,
  author = {B. D. Wladkowski and M. Krauss and W. Stevens},
  title = {Ribonuclease {A} Catalyzed Transphosphorylation: An \emph{Ab Initio}
	Theoretical Study},
  journal = {Journal of Physical Chemistry},
  year = {1995},
  volume = {99},
  pages = {6273},
}

@ARTICLE{Wolfenden78,
  author = {R. Wolfenden},
  title = {Interaction of the Peptide Bond with Solvent Water: A Vapor Phase
	Analysis},
  journal = {Biochemistry},
  year = {1978},
  volume = {17},
  pages = {201},
}

@ARTICLE{Won91,
  author = {Youngdo Won and Jung-Goo Lee and Murco N. Ringnalda and Richard A.
	Friesner},
  title = {Pseudospectral Hartree-Fock Gradient Calculations},
  journal = JCP,
  year = {1991},
  volume = {94},
  pages = {8152},
}

@ARTICLE{Wong86,
  author = {C. F. Wong and J. A. McCammon},
  title = {Dynamics and Design of Enzymes and Inhibitors},
  journal = JACS,
  year = {1986},
  volume = {108},
  pages = {3830},
}

@ARTICLE{Woods90,
  author = {Robert J. Woods and Maged Khalil and Wendy Pell and Steven H. Moffat
	and Vedene H. {Smith, Jr.}},
  title = {Derivation of Net Atomic Charges from Molecular Electrostatic Potentials},
  journal = JCC,
  year = {1990},
  volume = {11},
  pages = {297},
}

@ARTICLE{Woon94,
  author = {D. E. Woon and T. H. Dunning},
  journal = JCP,
  year = {1994},
  volume = {100},
  pages = {2975},
}

@ARTICLE{Woon93,
  author = {Woon, {D.E.} and Dunning, {T.H.}},
  title = {Gaussian Basis Sets for use in Correlated Molecular Calculations.
	3. The Atoms Aluminum Through Argon},
  journal = JCP,
  year = {1993},
  volume = {98},
  pages = {1358--1371},
  number = {2},
}

@ARTICLE{Wu87,
  author = {Y. Wu and Kenneth N. Houk},
  title = {Transition Structures for Hydride Transfers},
  journal = JACS,
  year = {1987},
  volume = {109},
  pages = {906},
}

@ARTICLE{Yadav91,
  author = {A. Yadav and R. M. Jackson and J. J. Holbrook and Arieh Warshel},
  title = {Role of Solvent Reorganization Energies in the Catalytic Activity
	of Enzymes},
  journal = JACS,
  year = {1991},
  volume = {113},
  pages = {4800},
}

@ARTICLE{Yaffe76,
  author = {Larry G. Yaffe and Goddard, III, William A.},
  title = {Orbital Optimization in Electronic Wave Functions: Equations for
	Quadratic and Cubic Convergence in General Multiconfiguration Wave
	Functions},
  journal = PRA,
  year = {1976},
  volume = {13},
  pages = {1682},
}

@BOOK{Yamaguchi94,
  title = {A new dimension to quantum chemistry: analytic derivative methods
	in ab initio molecular electronic structure theory.},
  publisher = {Oxford University Press},
  year = {1994},
  author = {Yukio Yamaguchi and Yoshihiro Osamura and John D. Goddard and Henry
	F. Schaefer},
  address = {New York},
}

@ARTICLE{Yamashita93,
  author = {K. Yamashita and K. Morokuma and C. Leforestier},
  journal = JCP,
  year = {1993},
  volume = {99},
  pages = {8848},
}

@ARTICLE{Yang96,
  author = {H. Yang and O. Brandt and K. Ploog},
  journal = {J. Elec. Mater.},
  year = {1996},
  volume = {25},
  pages = {787},
}

@ARTICLE{Yang96a,
  author = {H. Yang and O. Brandt and K. Ploog},
  journal = {Physica Status Solidi B Basic Research},
  year = {1996},
  volume = {194},
  pages = {109},
}

@ARTICLE{Yang91,
  author = {W. Yang},
  title = {Direct Calculation of the Electron Density in Density-Functional
	Theory},
  journal = PRL,
  year = {1991},
  volume = {66},
  pages = {1438},
}

@ARTICLE{Yang90,
  author = {W. Yang and W. A. Hendrickson and R. J. Crouch and Y. Satow},
  title = {Structure of Ribonuclease {H} Phased at 2 {\AA} Resolution by {MAD}
	Analysis of the Selenomethionyl Protein},
  journal = SCI,
  year = {1990},
  volume = {249},
  pages = {1398},
}

@ARTICLE{Yang95,
  author = {W. Yang and T.-S. Lee},
  title = {A Density-Matrix Divide-and-Conquer Approach for Electronic Structure
	Calculations of Large Molecules},
  journal = JCP,
  year = {1995},
  volume = {103},
  pages = {5674},
}

@ARTICLE{Yang02,
  author = {Weitao Yang and Qin Wu},
  title = {Direct Method for Optimized Effective Potentials in Density Functional
	Theory},
  journal = PRL,
  year = {2002},
  volume = {89},
  pages = {143002},
}

@ARTICLE{Yarus93,
  author = {Yarus, M.},
  title = {How many catalytic RNAs? Ions and the Cheshire cat conjecture},
  journal = {FASEB Journal},
  year = {1993},
  volume = {7},
  pages = {31},
}

@ARTICLE{York95,
  author = {Darrin M. York},
  title = {A Generalized Formulation of Electronegativity Equalization from
	Density-Functional Theory},
  journal = {International Journal of Quantum Chemistry: Quantum Chemistry Symposia},
  year = {1995},
  volume = {29},
  pages = {385},
}

@ARTICLE{York96,
  author = {Darrin M. York and Weitao Yang},
  title = {A Chemical Potential Equalization Method for Molecular Simulations},
  journal = JCP,
  year = {1996},
  volume = {104},
  pages = {159},
}

@INCOLLECTION{Zerner92,
  author = {M. C. Zerner},
  title = {Electronic Structure Theory for Transition Metal Systems: A Survey},
  booktitle = {Metal-Ligand Interactions: From Atoms, to Clusters, to Surfaces},
  publisher = {Kluwer},
  year = {1992},
  editor = {Dennis R. Salahub and Nino Russo},
  volume = {378},
  series = {NATO ASI Series C},
  pages = {101},
  address = {Dordrecht, The Netherlands},
}

@ARTICLE{Zerner80,
  author = {Michael C. Zerner and Gilda H. Loew and Robert F. Kirchner and Ulrich
	T. Mueller-Westerhoff},
  title = {An Intermediate Neglect of Differential Overlap Technique for Spectroscopy
	of Transition-Metal Complexes. Ferrocene},
  journal = JACS,
  year = {1980},
  volume = {102},
  pages = {7863},
}

@BOOK{Zhang96,
  title = {Computation of Special Functions},
  publisher = {John Wiley and Sons, Inc.},
  year = {1996},
  author = {Shanjie Zhang and Jianming Jin},
  url = {http://jin.ece.uiuc.edu/routines/routines.html},
}

@MISC{Zhang96a,
  author = {Shanjie Zhang and Jianming Jin},
  title = {FORTRAN routines for computation of Special Functions, {http://jin.ece.uiuc.edu/specfunc.html}},
  url = {http://jin.ece.uiuc.edu/specfunc.html},
}

@ARTICLE{Zheng91,
  author = {C. Zheng and J. A. McCammon and Peter G. Wolynes},
  title = {{PROZAC}, a new program for traversing global minima},
  journal = {Chemical Physics},
  year = {1991},
  volume = {158},
  pages = {261},
}

@ARTICLE{Zheng92,
  author = {Y. J. Zheng and Merz, Jr., Kenneth M.},
  title = {Mechanism of the Human Carbonic Anhydrase {II} Catalyzed Hydration
	of Carbon Dioxide},
  journal = JACS,
  year = {1992},
  volume = {114},
  pages = {10498},
}

@ARTICLE{Zhou94,
  author = {H. X. Zhou},
  title = {Effects of Mutations and Complex Formation on the Reduction Potentials
	of Cytochrome c and Cytochrome c Peroxidase},
  journal = JACS,
  year = {1994},
  volume = {116},
  pages = {10362},
}

@ARTICLE{Zhou95,
  author = {Ruhong Zhou and Bruce J. Berne},
  title = {A New Molecular Dynamics Method Combining the Reference System Propagator
	Algorithm with a Fast Multipole Method for Simulating Proteins and
	Other Complex Systems},
  journal = JCP,
  year = {1995},
  volume = {103},
  pages = {9444},
}

@ARTICLE{Zhu91,
  author = {S.-B. Zhu and S. Yao and J.-B. Zhu and Surjit Singh and G. W. Robinson},
  title = {A Flexible/Polarizable Simple Point Charge Water Model},
  journal = {Journal of Physical Chemistry},
  year = {1991},
  volume = {95},
  pages = {6211},
}

@ARTICLE{Aqvist94a,
  author = {Johann {\AA}qvist},
  title = {Comment on "Transferability of Ion Models."},
  journal = {Journal of Physical Chemistry},
  year = {1994},
  volume = {98},
  pages = {8253},
}

@ARTICLE{Aqvist96,
  author = {Johann {\AA}qvist and Michael J. Fothergill},
  title = {Computer Simulation of the Triosephosphate Isomerase Catalyzed Reaction},
  journal = {Journal of Biological Chemistry},
  year = {1996},
  volume = {271},
  pages = {10010},
}

@ARTICLE{Aqvist93a,
  author = {Johann {\AA}qvist and Michael J. Fothergill and Arieh Warshel},
  title = {Computer Simulation of the CO2/{HCO}-3 Interconversion Step in Human
	Carbonic Anhydrase {I}},
  journal = JACS,
  year = {1993},
  volume = {115},
  pages = {631},
}

@ARTICLE{Aqvist91,
  author = {Johann {\AA}qvist and H. Luecke and F. A. Quiocho and Arieh Warshel},
  title = {Dipoles Localized at Helix Termini of Proteins Stabilize Charges},
  journal = PNAS,
  year = {1991},
  volume = {88},
  pages = {2026},
}

@ARTICLE{Aqvist94,
  author = {Johann {\AA}qvist and C. Medina and J. E. Samuelsson},
  title = {A New Method For Predicting Binding Affinity in Computer-Aided Drug
	Design},
  journal = {Protein Engineering},
  year = {1994},
  volume = {7},
  pages = {385},
}

@INCOLLECTION{Aqvist93b,
  author = {Johann {\AA}qvist and Arieh Warshel},
  title = {Molecule Recognition in the Catalytic Action of Metallo-Enzymes},
  booktitle = {Principles of Molecular Recognition},
  publisher = {Blackie Academic Professional},
  year = {1993},
  editor = {A. Buckingham and A. Legon and S. Robert},
  address = {London},
}

@ARTICLE{Aqvist93,
  author = {Johann {\AA}qvist and Arieh Warshel},
  title = {Simulation of Enzyme Reactions Using Valence Bond Force Fields and
	Other Hybrid Quantum/Classical Approaches},
  journal = {Chemical Review},
  year = {1993},
  volume = {93},
  pages = {2523},
}

@ARTICLE{Aqvist92,
  author = {Johann {\AA}qvist and Arieh Warshel},
  title = {Computer Simulation of the Initial Proton Transfer Step in Human
	Carbonic Anhydrase {I}},
  journal = {Journal of Molecular Biology},
  year = {1992},
  volume = {224},
  pages = {7},
}

@ARTICLE{Aqvist90,
  author = {Johann {\AA}qvist and Arieh Warshel},
  title = {Free Energy Relationships in Metalloenzyme-Catalyzed Reactions. Calculations
	of the Effects of Metal Ion Substitutions in Staphylococcal Nuclease},
  journal = JACS,
  year = {1990},
  volume = {112},
  pages = {2860},
}

@ARTICLE{Aqvist89,
  author = {Johann {\AA}qvist and Arieh Warshel},
  title = {Calculation of Free Energy Profiles for the Staphylococcal Nuclease
	Catalyzed Reaction},
  journal = {Biochemistry},
  year = {1989},
  volume = {28},
  pages = {4680},
}

@ARTICLE{Aqvist89a,
  author = {Johann {\AA}qvist and Arieh Warshel},
  title = {Energetics of Ion Permeation Through Membrane Channels. Solvation
	of Na+ by Gramicidin {A}},
  journal = {Biophysical Journal},
  year = {1989},
  volume = {56},
  pages = {171},
}

@ARTICLE{Aqvist89b,
  author = {Johann {\AA}qvist and Arieh Warshel},
  title = {Consistent Calculations of Electrostatic Free Energies in Membrane
	Channels. The Solvation of Na+ by the Gramicidin Channel},
  journal = {Comments on Molecular and Cell Biophysics},
  year = {1989},
  volume = {6},
  pages = {91},
}

@ARTICLE{Aqvist89c,
  author = {Johann {\AA}qvist and Arieh Warshel},
  title = {Calculations of Free Energy Profiles for the Staphylococcal Nuclease
	Catalyzed Reaction},
  journal = {Biochemistry},
  year = {1989},
  volume = {28},
  pages = {4680-4688},
}

@MANUAL{Schrodinger03,
  title = {Jaguar Program Suite},
  author = {{Schrodinger, Inc.}},
  address = {Portland, Oregon},
  edition = {5.5},
  year = {2003},
}

@BOOK{Salahub92,
  title = {Metal-Ligand Interactions: From Atoms, to Clusters, to Surfaces},
  publisher = {Kluwer},
  editor = {Dennis R. Salahub and Nino Russo},
  volume = {378},
  series = {NATO ASI Series C},
  address = {Dordrecht, The Netherlands},
}

@BOOK{Salahub89,
  title = {The Challenge of $d$ and $f$ electrons: Theory and Computation},
  publisher = {American Chemical Society},
  year = {1989},
  editor = {Dennis R. Salahub and Michael C. Zerner},
  number = {394},
  series = {ACS Symp. Ser.},
  address = {Washington},
}

@Article{Yang04,
  author = 	 {Weitao Yang and Paul W. Ayers and Qin Wu},
  title = 	 {Potential Functionals: Dual to Density Functionals
                  and Solution to the v-Representability Problem},
  journal = 	 PRL,
  year = 	 {2004},
  volume = 	 {92},
  pages = 	 {146404},
}



@Book{Zeldovich02,
  author = 	 {Ya. B. Zel'dovich and Yu. P. Raizer},
  title = 	 {Physics of Shcok Waves and High-Termperature 
                  Hydrodynamic Phenomena},
  publisher = 	 {Dover Press},
  year = 	 {2002},
}

